2842 4890
188 248 230 313 24

146 453 233 537 tis¹)
264 454 305 517 ad
334 459 437 517 totam
467 453 607 534 genetivi
638 455 779 537 partitivi
805 453 1005 537 provinciam
1029 451 1272 534 significandam

144 555 306 620 interdum
329 556 474 638 usurpati
497 556 715 637 inveniuntur;
738 558 952 640 genetivus
975 555 1132 638 generis
1160 554 1274 618 dieitur

146 665 178 723 et
203 659 410 740 genetivus
439 658 712 744 quantitatis²)
741 666 772 725 et
799 660 1004 741 genetivus
1032 655 1270 740 materiam),

145 768 177 827 et
198 762 251 826 hic
274 761 423 843 quamvis
446 780 520 825 cum
542 762 690 843 genetivo
714 763 901 845 quantitatis
924 771 993 826 arte
1016 761 1199 840 cohaereat,
1231 757 1270 822 ab

145 883 184 930 eo
215 871 325 929 tamen
356 864 508 946 distingui
538 871 569 928 et
599 866 743 947 separari
773 865 863 930 solet.
907 865 964 928 His
993 882 1070 929 vero
1100 860 1271 944 generibus

144 987 211 1032 non
240 973 411 1033 contentus
441 966 608 1052 nubere)
634 987 754 1032 novum
782 986 883 1050 genus
913 967 1089 1046 constituit,
1124 964 1210 1048 quod
1239 965 1272 1027 in

139 1070 275 1151 fornilia
306 1069 495 1152 Scipionum,
526 1091 624 1152 genus
647 1092 760 1148 eorum,
792 1072 847 1155 qui
863 1118 871 1133 .
888 1119 895 1134 .
913 1119 930 1148 .,
955 1090 1103 1132 narraras
1126 1074 1270 1130 trecento-

146 1193 227 1250 rum,
252 1179 311 1239 cet.
335 1179 494 1238 cernatur.
528 1173 620 1238 Hunc
643 1175 836 1255 genetivum,
854 1194 950 1256 quem
962 1174 1103 1238 medium
1120 1171 1270 1255 quiddam

144 1277 227 1340 inter
250 1277 434 1357 genetivum
457 1276 643 1359 partitivum
666 1285 698 1343 et
725 1280 910 1359 genetivum
932 1277 1059 1358 generis
1083 1276 1146 1360 (vel
1169 1293 1271 1357 quan-

143 1378 257 1464 titatis)
279 1379 456 1461 exprimere
477 1381 530 1462 ait,
555 1382 776 1461 genetivum
798 1381 966 1462 partium
987 1379 1141 1443 nominat.
1175 1377 1267 1442 Deni-

144 1501 206 1565 que
230 1482 366 1547 Holtzc
389 1483 521 1565 proprio
545 1483 687 1565 quodam
711 1483 809 1549 modo
832 1483 970 1565 genetivi
994 1500 1114 1564 genera
1130 1481 1271 1545 distinxit

143 1591 241 1667 atque
264 1585 397 1649 nomina
420 1584 473 1649 ilia
496 1587 661 1668 usurpavit
674 1585 708 1669 ⁵).
742 1585 805 1650 Sed
829 1587 959 1667 longum
983 1592 1032 1650 est
1048 1585 1167 1664 omnia,
1188 1601 1271 1666 quae

142 1688 318 1752 inhaere
345 1687 469 1752 diverse
493 1689 653 1752 senserint
674 1689 889 1769 grammatici,
920 1706 1119 1753 enumerare.
1165 1686 1271 1767 Quare

143 1791 184 1855 ad
206 1808 275 1854 rem
298 1791 499 1871 propositam
521 1792 694 1856 redeuntes
718 1791 782 1857 duo
805 1792 857 1856 illa
872 1810 992 1873 genera
1008 1790 1157 1873 partitivi‚
1174 1807 1272 1871 gene-

142 1894 244 1957 tivum
274 1893 464 1975 quantitatis
495 1894 566 1959 dico
598 1901 629 1959 et
659 1895 842 1976 genetivum
873 1896 1068 1976 partitivum,
1097 1893 1272 1975 separatim

142 1995 366 2075 tractabimus;
389 1997 572 2078 genetivum
595 2016 672 2061 vero
696 1998 851 2062 materiae
875 1999 1032 2079 optimum
1048 1996 1174 2062 videtur
1190 1996 1272 2059 inter

141 2101 309 2183 genetivos
333 2101 522 2182 quantitatis
545 2099 673 2181 referre,
698 2102 753 2183 qui
776 2120 815 2166 ex
838 2099 1047 2164 substantivis
1069 2099 1219 2181 pendent.

141 2242 344 2250 ————.-———-

246 2309 266 2374 1)
282 2304 375 2358 Lund
401 2306 441 2358 De
466 2305 649 2373 parallelismo
673 2305 794 2373 syntaxis
817 2319 931 2373 graecae
954 2309 980 2357 et
1003 2304 1104 2357 latinae
1123 2319 1173 2356 usu
1192 2318 1271 2356 casus

140 2391 252 2460 genitivi
272 2391 458 2444 demonstrato
476 2391 610 2457 (Hauniae
630 2391 705 2458 1845)
723 2406 748 2457 p.
767 2391 824 2441 111.

242 2479 262 2544 2)
282 2475 336 2528 Cfr.
356 2477 469 2529 Auber
487 2477 503 2528 l.
523 2492 544 2528 o.
563 2493 587 2543 p.
608 2477 640 2529 39
659 2492 697 2543 sq.
716 2506 749 2515 -
768 2475 848 2543 Apud
872 2474 1064 2529 Schaafium
1082 2474 1133 2541 (De
1152 2474 1281 2542 genetivi

140 2577 190 2616 usu
215 2562 341 2614 Plautino
365 2578 390 2628 p.
414 2563 441 2629 9)
466 2563 645 2629 genetivus
669 2563 803 2630 generis
828 2578 876 2628 pro
903 2566 962 2614 toto
989 2561 1113 2628 genetivo
1140 2561 1270 2627 partitive

140 2653 294 2716 usurpatur.

242 2735 262 2800 ³)
282 2732 336 2785 Cir.
355 2733 443 2785 Lech
463 2732 503 2785 De
522 2733 639 2802 genetivi
659 2731 731 2799 apud
749 2733 828 2800 prisc.
848 2733 940 2799 script.
960 2732 1006 2786 lat.
1026 2747 1075 2784 usu
1094 2748 1119 2799 p.
1134 2732 1157 2783 4.

241 2819 262 2884 4)
281 2817 297 2869 l.
317 2833 339 2870 c.
358 2835 382 2885 p.
403 2819 443 2869 39.

241 2905 261 2970 ⁶)
279 2903 400 2956 Holtzc
417 2904 543 2972 Syntaxis
562 2904 641 2970 prise.
660 2904 752 2970 script.
771 2904 817 2958 lat.
838 2903 850 2955 1
869 2919 894 2970 p.
913 2902 1059 2956 315-340.
