2842 4890
1204 239 1225 284 V

139 418 247 482 lucem
268 421 416 499 putarem
437 410 572 477 adierra
588 456 590 460 -
605 410 711 475 Etiam
732 411 765 489 in
781 409 915 492 singulis
930 409 1154 492 genetivorum
1167 425 1268 492 geae-

140 509 232 601 ribus
254 505 495 614 constituendis,
519 549 603 614 quae
626 531 757 618 quidem
779 538 828 596 est
849 548 903 597 res
918 528 1043 595 lubrica
1058 528 1267 612 difficilisque,

143 653 427 741 grammaticorum
448 651 639 732 rationibus,
655 650 791 716 diversis
806 651 998 734 praesertim
1019 655 1052 715 et
1072 648 1186 729 dubiis,
1202 667 1270 715 non

145 793 271 858 semper
285 772 433 856 acquievi
449 777 482 838 et
497 771 574 855 quid
589 789 702 836 verum
718 777 814 855 esset,
831 770 909 853 quid
924 770 1082 852 „simplex
1093 775 1125 835 et
1136 772 1269 850 unam“,

143 903 176 960 nt
191 895 236 960 ait
250 893 414 972 Horatius
431 892 615 973 excogitare
630 891 700 973 ipse
716 898 853 955 conatus
869 910 950 955 snm.
984 890 1056 970 Qua
1070 890 1103 954 in
1119 908 1154 955 re
1171 890 1269 955 nihilo

142 1014 258 1094 minus,
290 1020 346 1077 aut
369 1031 430 1095 ego
457 1011 584 1093 egregie
613 1010 716 1090 fallor,
739 1017 772 1076 et
795 1010 1019 1076 commoditati
1041 986 1216 1094 legentium
1239 1018 1271 1075 et

142 1132 366 1217 perspicuitati
388 1132 469 1196 satis
492 1132 676 1197 consultum
698 1138 756 1195 est.
801 1131 878 1196 Utut
905 1149 942 1196 se
971 1130 1053 1196 haec
1082 1149 1135 1196 res
1161 1128 1270 1206 habet,

142 1274 212 1320 nou
241 1253 336 1319 facile
365 1251 397 1315 id
427 1251 631 1317 committere
658 1251 690 1342 iu
715 1251 857 1316 animum
881 1251 1001 1332 induxi,
1023 1257 1059 1316 ut
1080 1268 1133 1316 res
1156 1269 1214 1333 per
1235 1269 1272 1315 se

147 1374 324 1438 simillimas
353 1372 578 1453 disiungerem,
605 1371 703 1436 modo
732 1390 774 1457 ne
803 1371 1043 1457 adnominalem
1066 1371 1153 1435 illam
1175 1388 1272 1452 gene·

147 1494 203 1559 tivi
233 1492 478 1576 explicationem
507 1491 680 1570 laederem,
704 1510 802 1575 quam
825 1493 880 1575 qui
902 1491 1078 1573 probarent
1101 1492 1273 1556 dissimilli-

144 1632 198 1679 ma
221 1630 370 1696 quaeque
391 1611 425 1676 in
445 1630 547 1676 unum
570 1630 686 1693 cogere
710 1631 954 1696 nonnumquam
977 1612 1137 1678 vidissem.

249 1852 407 1934 Prologos
430 1850 611 1916 tabularum
635 1852 743 1940 Plauti
761 1871 875 1918 omues
898 1853 940 1918 ad
962 1854 1130 1936 genetivus
1153 1853 1274 1918 descri-

145 1973 271 2039 bendos
293 1972 435 2054 adhibui,
458 1974 649 2057 praesertim
678 1993 751 2039 cum
781 1975 836 2057 qui
858 1973 963 2039 Plauti
985 1980 1104 2053 essent,
1130 1975 1185 2056 qni
1209 1993 1275 2038 nan

146 2101 254 2160 essent
275 2094 412 2177 prologi,
436 2094 604 2159 nonsatis
627 2095 793 2176 cognitum
816 2094 982 2159 crederem
1006 2102 1038 2159 et
1059 2113 1099 2159 err
1118 2095 1190 2174 ipsa
1204 2113 1276 2159 om-

152 2213 238 2278 nium
260 2215 482 2296 genetivorum
505 2215 749 2297 comparatione
771 2214 975 2297 aliquatenus
998 2215 1153 2297 cognosci
1178 2233 1276 2296 posse

151 2333 318 2399 videretur.
362 2333 558 2416 Fragmenta
580 2341 690 2401 autem
713 2336 825 2400 omnia
848 2341 882 2398 ut
904 2334 1098 2416 colligerem,
1115 2335 1193 2398 mihi
1210 2354 1277 2399 non

150 2454 323 2536 contigisse
354 2454 458 2520 doleo.
502 2452 641 2520 Omnino
665 2462 697 2519 et
724 2453 823 2520 libros
846 2455 925 2520 mihi
947 2455 1108 2539 quosdam
1138 2454 1277 2521 defuisse

150 2578 182 2638 et
212 2574 313 2639 multa
341 2592 393 2639 me
421 2573 541 2656 fugisse
564 2573 659 2641 facile
680 2576 827 2658 ignoscat
850 2576 905 2659 qui
928 2577 1056 2657 penitus
1078 2577 1278 2658 perspexerit

150 2693 249 2759 totius
272 2694 380 2777 operis
403 2694 631 2762 difficultatem.

253 3052 289 3117 ln
311 3053 390 3118 locis
412 3052 568 3118 Plautinis
598 3054 781 3120 adferendis
803 3055 853 3119 his
875 3074 952 3119 usus
976 3075 1048 3119 sum
1071 3056 1280 3121 editionibus:

253 3171 287 3236 T.
321 3172 454 3238 Macci
487 3172 618 3239 Plauti
655 3173 919 3255 Comoediae,
954 3177 1127 3256 recensuit,
1161 3177 1281 3241 instru-

152 3299 262 3358 mento
286 3294 399 3358 critico
421 3300 454 3358 et
469 3295 707 3376 prolegomenis
723 3295 811 3359 anxit
828 3295 1069 3360 Fridericus
1094 3296 1281 3361 Ritsche-

151 3412 248 3492 lius,
271 3413 370 3478 sociis
395 3433 514 3495 operae
530 3415 711 3497 adsumptis
727 3413 908 3480 Gustavo
932 3417 1083 3495 Loewe,
1109 3415 1282 3499 Georgia

152 3530 293 3613 Goth,
317 3534 521 3600 Friderico
545 3534 718 3600 Schoeli
751 3534 849 3600 Cuius
873 3537 980 3618 operis
1005 3536 1179 3603 editionem
1203 3538 1282 3602 alte-

150 3672 222 3718 ram
251 3654 455 3738 (Triaammi
482 3658 627 3734 tertiam)
658 3663 790 3722 secutus
817 3676 900 3736 sum,
930 3657 1111 3737 aLoewio,
1137 3657 1283 3736 Goetzio,

156 3773 318 3841 Schoellio
341 3777 552 3860 recognitam,
576 3783 653 3844 tom.
676 3777 698 3857 l,
721 3777 755 3856 ll,
779 3777 828 3856 lll,
852 3778 894 3842 lV
917 3777 1007 3861 (lasc.
1029 3777 1133 3860 l--ll),
1157 3778 1285 3861 Lipsiae

158 3895 380 3975 1878-1890,
408 3896 526 3979 quibus
555 3897 775 3980 septendecim
806 3898 1011 3963 continentur
1040 3897 1184 3963 fabulae:
1214 3899 1284 3962 Tri-

153 4035 308 4080 nummas
341 4015 503 4098 Epidicus
529 4015 682 4081 Carratlr'o
710 4017 872 4081 Asinaria
904 4017 1122 4082 Truculentus
1144 4018 1285 4082 Aulul·
1351 4106 1355 4112 ·

159 4138 212 4200 ria
235 4135 430 4218 Amphitruo
458 4136 622 4201 Mercator
644 4135 776 4202 Stichus
806 4136 968 4202 Poenulus
998 4137 1176 4203 Bacchides
1202 4138 1286 4220 Gap
