2842 4890
182 292 225 360 64

28 568 33 578 ,
140 503 191 567 sed
213 499 265 563 cir.
288 521 379 580 supra
401 503 470 579 quid
492 503 565 562 boni.
589 538 632 548 -
654 503 711 562 Hic
732 503 803 562 mihi
826 503 939 562 adferre
961 503 1049 561 liccat
1070 503 1159 560 ctiam
1179 501 1267 560 Truc.

139 589 216 665 prol.
241 588 260 647 6
282 588 311 646 si
331 588 365 648 de
386 592 486 648 austro
508 589 656 665 quippiam
678 594 810 662 exorem
832 598 861 648 st
882 589 972 649 Most.
996 588 1059 648 345
1081 605 1151 648 num
1164 587 1269 648 mm

141 677 194 735 aut
213 692 318 733 nouom
340 676 488 750 quippiam
509 676 593 748 fucit.

244 772 304 839 hoc
337 793 411 840 cum
433 777 582 858 genetivo
607 777 815 841 coniunctum
844 781 894 842 cst
920 775 971 839 his
997 775 1090 840 locis:
1120 773 1270 840 Micam

141 896 214 938 nam
237 875 293 939 hoc
314 878 418 959 nepoti
439 878 631 941 clandestino
649 885 685 941 ut
703 898 828 960 agerem
844 878 1057 941 mandatumst
1070 876 1166 957 miae
1187 876 1270 941 Trin.

141 979 207 1045 680
228 980 279 1042 dic
301 979 357 1042 hec
379 974 482 1063 nepoti
503 981 652 1063 quoinodo
675 987 779 1043 actum
801 986 861 1054 est,·
887 979 975 1044 Asin.
1002 980 1061 1044 128
1079 979 1271 1062 promerenti

141 1088 264 1164 optume
285 1081 375 1144 hocin
392 1084 478 1165 preti
500 1083 660 1159 redditum
682 1083 774 1149 Most.
797 1083 861 1149 879
883 1082 957 1145 bene
977 1102 1101 1146 ruerem
1120 1081 1177 1146 huc
1187 1082 1271 1165 preti

141 1183 215 1247 inde
242 1185 375 1267 apstuli;
407 1184 490 1250 Men.
517 1188 599 1250 1018
621 1185 678 1249 hec
695 1187 821 1268 praesui
838 1185 945 1268 furem
977 1185 1093 1267 Amph.
1114 1185 1180 1251 463
1197 1205 1271 1268 pru-

141 1307 230 1370 spere
261 1286 317 1350 huc
349 1289 452 1370 operis
479 1289 634 1370 processit
665 1287 760 1364 rvrihi;
793 1288 911 1352 Bacch.
934 1287 998 1352 343
1024 1308 1064 1350 ne
1084 1288 1272 1369 acciperem

141 1392 267 1454 tandem
288 1392 344 1455 hoc
366 1393 479 1455 aetatis
501 1413 611 1469 senem·
644 1393 761 1458 Bacch.
785 1394 869 1458 1090
890 1392 998 1455 hocine
1020 1413 1068 1455 me
1089 1393 1204 1455 aetatis
1227 1392 1272 1454 iu·

142 1494 199 1558 dos
221 1493 267 1556 bis
288 1496 418 1576 fuctum
446 1515 509 1558 esse
535 1497 682 1577 indigum
712 1494 753 1560 ib.
780 1497 862 1560 1100
883 1515 930 1558 me
951 1494 1008 1558 huc
1028 1495 1143 1557 aetatis
1166 1492 1273 1576 ludifi-

143 1595 264 1682 cari1);
286 1597 370 1662 Trin.
394 1601 453 1663 781
470 1598 526 1660 hoc
541 1619 588 1661 me
602 1599 715 1661 aetatis
729 1597 955 1681 sycophantari
968 1597 1068 1680 pudet
1087 1596 1159 1681 (cir.
1175 1615 1274 1679 supra

143 1701 220 1784 quid
252 1701 388 1784 astutis).
412 1739 452 1747 -
474 1701 546 1766 Alia
578 1702 734 1784 temporis
763 1700 954 1783 significatio
986 1701 1020 1765 in
1046 1701 1096 1764 his
1120 1700 1274 1782 exemplis

143 1803 242 1869 inest:
265 1802 380 1885 Amph.
406 1804 466 1868 154
488 1806 543 1886 qui
565 1803 620 1867 hoc
635 1805 740 1868 noctis
761 1804 847 1866 sulm
870 1803 1039 1878 ambulem
1060 1801 1101 1866 ib.
1120 1802 1203 1868 1631
1221 1802 1275 1885 qui

144 1905 200 1969 hoc
232 1906 331 1968 noetis
357 1906 426 1969 med
454 1908 605 1988 ingratiis
633 1908 799 1983 excitauit·
831 1906 872 1970 ib.
894 1908 958 1972 292
980 1927 1069 1989 quem
1091 1905 1274 1969 antecedis

143 2009 230 2072 uideo
257 2007 312 2070 hoc
334 2010 447 2090 noctis·
480 2008 521 2073 ib.
551 2011 614 2074 310
642 2009 827 2092 complacet
848 2029 895 2071 mc
915 2008 972 2073 hoc
993 2009 1093 2072 noctis
1115 2028 1194 2071 esse:
1229 2029 1274 2071 cc·

143 2112 223 2175 naui
238 2112 342 2188 tandm
357 2111 449 2178 Curc.
469 2117 482 2176 l
497 2112 619 2197 quoted
633 2111 689 2175 hoc
704 2113 802 2175 noctis
817 2111 922 2174 dicum
936 2110 1215 2195 proficiscifuras.
1234 2148 1274 2159 -

146 2215 263 2281 Bacch.
285 2217 349 2282 422
370 2237 448 2299 nepo
470 2216 526 2278 tibi
547 2215 603 2278 hoc
625 2216 720 2278 antris
743 2216 860 2298 uiginti
877 2216 988 2297 fuisse
1008 2215 1127 2297 primis
1153 2216 1277 2298 copiam

146 2319 186 2384 de
214 2337 279 2401 quo
306 2320 453 2401 exemplo
484 2318 539 2383 cir.
561 2318 652 2383 inira.
688 2319 809 2384 Eadem
832 2319 993 2384 sententia
1016 2318 1146 2401 saepius
1170 2318 1276 2399 expri-

144 2422 244 2487 mitur
274 2423 424 2505 genetivo
454 2421 616 2488 obiectivo
646 2441 684 2487 ex
711 2423 801 2505 copia
834 2421 987 2504 pendenti
1010 2419 1079 2506 (cfr.
1108 2420 1192 2485 inira
1219 2439 1277 2504 ge·

146 2531 210 2589 net.
240 2524 376 2609 ahiem).
419 2524 500 2589 Rud.
531 2524 595 2592 496
624 2546 711 2609 quem
741 2531 873 2608 propter
905 2524 961 2587 hoc
981 2523 1059 2588 mim
1081 2525 1194 2607 optigit
1214 2524 1273 2587 mi·

147 2646 216 2689 sero
238 2628 324 2691 mali.

248 2727 332 2793 illud
363 2749 438 2794 cum
468 2730 619 2812 genetivo
649 2749 725 2795 raro
753 2729 921 2796 coniunxit
942 2730 1084 2795 Plautus.
1127 2729 1280 2796 1111659

145 2839 181 2895 at
202 2832 325 2914 quidem
348 2832 424 2894 illuc
446 2833 560 2896 aetatis
582 2832 637 2915 qui
658 2834 716 2909 sit;
738 2833 818 2897 Rud.
840 2834 905 2899 453
928 2834 992 2896 ium
1007 2833 1090 2896 illud
1109 2833 1187 2896 muli
1202 2832 1282 2915 plus

147 2934 235 2998 uobis
261 2935 345 2998 uiuit
371 2957 465 3018 queam
491 2943 597 3012 rutum
629 2938 814 3018 genetivum
837 2937 878 3001 ad
897 2938 972 3019 pius
994 2937 1102 3002 retulit
1125 2937 1214 3001 Loch
1235 2936 1281 3020 (p.

149 3038 212 3125 14),
235 3040 293 3105 sed
316 3058 421 3122 neque
443 3040 526 3103 illud
547 3058 652 3124 neque
675 3061 770 3124 quum
791 3040 839 3106 sic
862 3041 1002 3122 intellegi
1023 3046 1139 3123 potest.
1171 3039 1282 3121 Quare

148 3162 214 3208 non
238 3142 359 3219 dubito,
382 3143 459 3227 quin
482 3143 524 3207 ad
546 3144 628 3206 illud
650 3142 837 3209 referendus
860 3143 909 3207 sit.

251 3244 336 3312 istuc
357 3264 461 3329 aeque
483 3266 559 3312 raro
581 3248 664 3328 regit
685 3247 878 3329 genetivum.
912 3245 999 3310 Asin.
1023 3247 1089 3310 32·
1109 3245 1163 3308 ubi
1182 3245 1284 3311 istuc

149 3355 193 3419 cst
215 3355 374 3412 terrarum
405 3350 496 3424 loci‚·
528 3348 591 3413 Mil.
613 3349 676 3415 018
698 3369 746 3411 me
768 3347 824 3410 tibi
846 3349 927 3410 istuc
949 3349 1063 3411 aetatis
1084 3347 1204 3410 homiui
1221 3349 1284 3431 sa-

149 3452 258 3515 cinurc
276 3452 419 3534 puerilia
440 3451 564 3516 obicere.

252 3553 286 3618 iu
313 3573 495 3637 pronomen
517 3556 614 3639 paulo
637 3554 837 3637 frequentius
860 3560 908 3618 est
931 3572 1006 3617 cum
1029 3553 1179 3635 genetivo
1202 3572 1285 3619 con-

150 3663 316 3722 structum.
360 3659 479 3724 Bacch.
505 3662 585 3724 1098
615 3658 763 3720 relicuom
789 3657 825 3718 id
854 3657 930 3719 auri
954 3657 1093 3739 fuctum,
1125 3657 1208 3739 quod
1230 3677 1286 3740 ego

152 3761 415 3825 eistuite'mmnus
445 3761 532 3826 horno
556 3760 790 3844 promisissem
823 3759 919 3824 Mene.
945 3762 1005 3824 136
1029 3761 1152 3844 loquere
1173 3760 1209 3823 id
1230 3781 1287 3825 ae·

150 3864 216 3946 poti
238 3865 388 3948 quicquid
412 3866 502 3946 est²);
525 3864 693 3945 genetivus
709 3883 784 3928 cnm
800 3862 835 3925 id
850 3863 951 3927 artius
967 3863 1143 3928 cohaerere
1160 3863 1287 3929 videtur

254 4019 274 4086 ¹)
292 4018 408 4072 Versum
432 4016 467 4070 sd
490 4014 696 4069 similitudinem
720 4033 745 4068 v.
770 4014 838 4067 1090
862 4013 1005 4068 confictum
1028 4014 1073 4067 hic
1092 4014 1287 4084 interpolatum

152 4116 212 4155 esse
230 4108 341 4156 censent
358 4102 464 4156 Ritschi
482 4111 508 4155 et
527 4103 620 4155 Goetz.
1342 4172 1347 4179 Ι

254 4189 276 4257 ²)
294 4187 346 4241 Hic
363 4187 470 4242 Ritschi
488 4187 605 4242 coniecit
621 4184 652 4240 id
668 4185 758 4256 negoti
776 4185 842 4254 quid
859 4184 910 4240 siet
926 4185 987 4252 (cir.
1006 4201 1088 4254 supra
1111 4185 1178 4255 quid
1199 4187 1289 4260 nepoti

151 4273 209 4340 est).
246 4272 388 4327 Traditum
407 4273 568 4341 scripturam
588 4271 711 4326 defendit
729 4271 853 4340 Seyffert.
