2842 4890
366 1158 678 1260 Genetivus
723 1159 1054 1286 partitivum

250 1425 384 1507 Propria
417 1425 556 1508 genetivi
590 1426 732 1507 partitivi
764 1426 812 1490 vis
846 1445 885 1490 ae
918 1426 1109 1508 significatio
1144 1445 1183 1492 ea
1217 1433 1279 1512 est,

141 1547 212 1611 qua
246 1529 391 1610 singulae
423 1533 533 1609 partes
567 1529 661 1592 unius
695 1535 793 1611 atque
822 1529 967 1594 eiusdem
996 1515 1124 1610 generis
1155 1549 1213 1612 per
1242 1549 1281 1595 se

140 1631 328 1696 intellectae
352 1631 579 1712 exprimuntur.
617 1630 710 1695 Hune
733 1633 917 1713 genetivum
940 1631 1072 1696 Plautus
1095 1651 1169 1696 oum
1192 1651 1278 1698 ver-

140 1735 223 1814 bis,
268 1733 579 1816 pronominibus,
624 1735 906 1814 numeralibus
944 1735 1281 1819 superlativisque

141 1838 321 1904 coniunxit.

249 2041 365 2107 Verbis
387 2044 554 2124 genetivus
577 2043 746 2124 partitivus
762 2042 889 2108 duobus
904 2050 1031 2107 tantum
1047 2044 1126 2110 locis
1143 2045 1278 2110 adiunc-

139 2155 197 2211 tus
220 2152 270 2210 est
292 2154 389 2228 atque
412 2151 551 2227 utroque
573 2144 702 2227 quidem
726 2145 825 2210 verbo

250 2266 328 2313 esse.
372 2248 434 2312 Mil.
460 2251 540 2314 101ss
569 2248 640 2311 cedo
662 2250 798 2330 siponto,
827 2251 855 2311 si
882 2248 996 2311 burum
1020 2248 1208 2312 bocchorum
1230 2270 1281 2326 aa·

142 2351 218 2417 Cas
242 2352 318 2433 prol.
344 2353 383 2415 15>
410 2371 484 2412 vrum
512 2352 673 2413 initiorum
700 2353 754 2434 qui
783 2358 857 2413 surzt
884 2372 945 2413 nou
973 2358 1105 2427 morrena·
1138 2372 1278 2435 quorum

142 2457 177 2519 in
201 2456 307 2536 priore
331 2454 477 2535 exemplo
501 2453 625 2535 ellipsin
642 2472 707 2518 non
723 2460 811 2519 reete
824 2460 970 2518 statuunt
985 2455 1128 2538 Draeger
1142 2455 1154 2519 l
1169 2477 1197 2538 p.
1213 2457 1280 2521 449

142 2564 176 2623 et
207 2557 355 2622 Holtzel
384 2577 412 2638 p.
440 2557 502 2620 396
532 2559 638 2638 (aaran),
673 2575 779 2640 neque
813 2558 845 2620 in
880 2558 1058 2639 posteriore
1091 2559 1278 2640 genetivum

142 2667 234 2725 reete
257 2680 296 2724 ex
319 2661 373 2743 qui
400 2659 542 2742 pendere
565 2666 656 2740 putat
678 2660 737 2725 ille.
782 2659 837 2724 lllo
861 2661 946 2724 enim
970 2661 1044 2725 loco
1067 2661 1234 2744 genetivus
1257 2678 1280 2725 a

142 2763 245 2828 verbo
273 2763 436 2844 segregari
462 2763 549 2826 nullo
577 2761 675 2826 modo
699 2768 815 2844 potest,
845 2780 952 2845 neque
975 2765 1195 2828 necessarium
1218 2771 1280 2843 est,

142 2865 322 2929 dummodo
353 2883 487 2947 pravam
517 2864 603 2927 illam
627 2864 824 2945 opinionem,
848 2866 1033 2946 genetivum
1056 2867 1188 2931 omnino
1211 2884 1278 2930 non

142 2986 242 3051 posse
265 2968 327 3030 nisi
349 2968 391 3031 ad
414 2985 533 3031 nomen
556 2967 694 3032 relatum
718 2968 804 3048 poni,
836 2969 969 3031 missam
999 2967 1123 3034 feceris.
1161 2968 1280 3034 -Altero

142 3080 254 3136 autern
278 3071 349 3134 loco
373 3072 400 3134 si
423 3071 607 3152 genetivum
630 3069 671 3134 ad
694 3070 828 3134 verbum
857 3073 1004 3152 proxime
1034 3071 1190 3137 accedere
1217 3091 1280 3136 no-

140 3175 249 3253 lueriS,
285 3174 316 3236 id
351 3177 464 3237 saltem
484 3173 743 3238 ⁴concedendurn
772 3172 838 3253 suit,
869 3176 924 3258 qui
952 3181 1026 3236 sum
1049 3176 1224 3239 coniuncta
1246 3181 1277 3240 et

141 3277 239 3361 quasi
269 3276 463 3340 substantivi
490 3284 641 3340 naturam
668 3277 779 3339 induta
802 3278 985 3357 genetivum
1010 3277 1230 3358 adsumpsisse
1243 3276 1280 3361 ²).

141 3381 193 3444 Ad
216 3380 271 3463 qui
294 3380 320 3442 si
343 3378 479 3444 refertur
501 3381 678 3462 genetivus,
709 3380 796 3443 idem
824 3379 1022 3461 significatur
1045 3389 1143 3462 atque
1165 3380 1193 3442 ii
1217 3380 1278 3442 iu-

139 3485 307 3560 niorum,
340 3483 529 3564 quisunt,
554 3484 572 3544 i.
600 3502 625 3547 e.
654 3483 804 3562 vivunt,
836 3483 923 3565 quod
946 3491 978 3547 et
1000 3483 1094 3547 huius
1117 3483 1179 3547 loci
1202 3500 1277 3547 sen-

131 3581 263 3650 tentiae
287 3586 418 3650 minime
441 3590 552 3667 aptum
576 3591 625 3650 est
648 3592 679 3649 et
701 3585 909 3667 praecedenti
929 3587 1035 3651 versui
1053 3585 1124 3650 Cas.
1141 3585 1219 3666 prol.
1237 3585 1281 3648 14

139 3709 236 3772 quoru
263 3708 319 3751 uos
341 3687 502 3770 probastis
530 3690 585 3772 qui
608 3689 681 3750 estis
702 3690 737 3750 in
760 3688 942 3765 sarabertum,
967 3688 1022 3752 ubi
1044 3690 1078 3749 in
1100 3687 1276 3750 senioribus

140 3792 185 3855 ad
208 3791 428 3872 praedicatum
451 3791 538 3854 haud
558 3791 654 3854 dubie
677 3792 879 3856 referendum
903 3799 961 3872 est,
987 3792 1070 3855 male
1093 3791 1278 3872 respondet.

141 3894 271 3977 Optime
294 3894 389 3975 igitur
413 3893 454 3958 ad
476 3900 550 3955 sunt
572 3892 708 3958 refertur
730 3895 906 3975 genetivus

245 4102 264 4168 ¹)
283 4099 339 4153 Ct'r.
365 4114 448 4166 supra
473 4098 537 4151 Cist.
561 4100 612 4151 148
637 4098 712 4153 vatin
735 4097 787 4152 uia
807 4096 919 4166 reliquit
939 4096 993 4164 deo,
1015 4095 1084 4164 quod
1111 4095 1266 4164 oqueretur

139 4182 203 4252 loci,
224 4201 248 4253 p.
268 4185 301 4237 56
320 4200 358 4252 sq.
