2842 4890
144 1107 395 1211 Genetivus
431 1106 736 1210 attributivus
785 1103 905 1235 (sive
941 1103 1266 1236 appositivus).

247 1375 394 1442 Genetivi
416 1393 522 1456 casus,
546 1375 790 1458 qualiscumque
813 1374 856 1440 ab
878 1376 970 1441 initio
985 1376 1054 1442 eius
1069 1375 1127 1440 fuit
1143 1384 1268 1454 natura,

141 1480 176 1544 in
204 1478 394 1562 quotidiano
423 1477 584 1545 sermonis
611 1498 671 1543 usu
693 1478 773 1545 fines
794 1497 872 1545 suos
894 1486 961 1544 tam
984 1479 1048 1545 late
1070 1480 1211 1562 protulit,
1235 1489 1270 1544 ut

139 1583 173 1647 in
199 1582 316 1646 multas
337 1587 447 1665 partes
471 1580 588 1646 diffusa
608 1580 799 1663 significatio
823 1581 892 1646 eius
915 1582 1034 1648 sensim
1062 1590 1270 1649 evanesceret

140 1693 172 1750 et
201 1685 388 1750 solveretur.
432 1683 481 1749 Ao
508 1685 700 1767 praesertim
728 1684 944 1750 adnominalis
970 1685 1025 1768 qui
1051 1686 1167 1751 dicitur
1193 1705 1270 1751 usus

140 1788 209 1855 eius
232 1792 265 1853 et
286 1787 442 1852 latissime
463 1792 554 1869 patet
576 1793 618 1868 et,
642 1787 669 1851 si
691 1786 884 1869 principales
907 1789 976 1854 eius
999 1790 1150 1856 notiones
1170 1808 1270 1873 quae-

139 1909 204 1960 ras,
232 1888 404 1971 ambiguus
426 1895 483 1954 ost.
527 1889 621 1954 Hune
643 1889 730 1954 haud
754 1890 824 1955 sine
847 1909 948 1956 causa
969 1893 1187 1974 genetivum
1211 1899 1270 1957 at-

139 1988 435 2076 tributivum1),'
463 2009 560 2075 quem
593 1994 854 2075 appositivum
887 2001 1006 2061 vocant
1028 1995 1091 2075 alii,
1125 2001 1271 2060 statuunt

144 2094 359 2176 grammatici,
389 2094 444 2177 qui
473 2113 532 2178 per
557 2112 593 2161 se
615 2096 694 2159 nihil
716 2096 801 2161 aliud
823 2095 889 2162 fere
911 2096 1091 2179 significare
1113 2098 1270 2175 videatur,

145 2216 244 2280 quam
267 2197 354 2280 quod
379 2204 436 2263 aut
462 2197 623 2264 adiectivo
645 2204 702 2263 aut
725 2199 927 2268 substantivo
950 2198 1095 2265 attributi
1117 2200 1190 2264 loco
1213 2199 1271 2262 ad-

139 2298 241 2365 hibito
273 2299 409 2383 exprimi
434 2301 525 2366 solet.
568 2300 637 2364 lam
664 2301 747 2367 inter
774 2319 841 2383 eos,
865 2321 948 2384 quos
969 2303 1174 2384 possessivus
1196 2319 1269 2367 esse

142 2402 311 2484 voluimus,
339 2403 458 2467 multos
480 2402 665 2467 huiusmodi
687 2404 855 2485 genetivus
877 2405 1038 2484 invenias;
1071 2424 1163 2488 quos,
1194 2424 1268 2469 cum

142 2506 361 2588 possessivam
385 2505 549 2588 quandam
571 2511 721 2570 naturam
745 2506 900 2589 praebere
923 2507 1115 2589 viderentur,
1135 2509 1199 2573 huc
1214 2527 1268 2574 re-

140 2607 224 2673 ferre
246 2608 416 2672 noluimus.

242 2710 353 2777 Primo
386 2711 461 2777 loco
494 2729 569 2777 eum
602 2712 786 2794 genetivum
820 2714 978 2795 tractabo,
1012 2716 1103 2780 cuius
1136 2715 1269 2780 notione

141 2814 324 2879 continetur
346 2820 378 2880 et
400 2814 494 2897 quasi
523 2814 671 2881 definitur
697 2816 889 2899 significatio
916 2819 1047 2885 atterius
1077 2817 1270 2883 substantivi

142 2915 325 3001 (genetivus
348 2915 534 2983 definitivus
556 2918 623 2983 sive
646 2922 943 3006 epexegeticus).
979 2923 1081 2987 Huius
1105 2922 1192 2987 modi
1214 2939 1270 3002 gc·

143 3019 243 3084 nativi
265 3038 372 3103 neque
394 3020 481 3103 apud
502 3019 651 3085 Plautum
672 3040 780 3106 neque
793 3025 927 3091 omnino
942 3026 975 3089 in
990 3026 1097 3108 prisca
1112 3025 1271 3090 latinitate

143 3124 350 3190 inveniuntur
376 3123 469 3187 multi
498 3122 606 3207 (Loch.
627 3145 656 3206 p.
679 3127 699 3192 3
721 3126 791 3210 sq.).
834 3127 928 3210 Apud
954 3127 1104 3192 Plautum
1131 3129 1192 3194 hos
1215 3145 1270 3209 ge-

144 3226 270 3311 netivus
293 3225 474 3292 definitivus
495 3243 569 3292 esse
591 3230 714 3293 censui:

100 3388 103 3395 .
245 3345 368 3395 nomon.
412 3327 526 3394 Pseud.
552 3330 633 3395 1108
656 3332 686 3391 ei
708 3351 821 3394 rrouten
844 3329 1022 3394 Seruituiis
1044 3331 1165 3409 ferunt.
1210 3331 1271 3396 Du·

146 3432 340 3498 bitationem
362 3430 511 3496 adferunt
533 3430 647 3497 Pseud.
663 3433 726 3497 989
741 3432 827 3509 deus,
850 3432 1234 3514 Polymachaeroplapidi
1245 3432 1272 3515 ²)

143 3556 255 3597 nornen
278 3541 346 3613 σείς
368 3534 482 3600 Pseud.
505 3535 565 3600 991
586 3543 759 3618 postquam
785 3533 1195 3618 Polymachaeroplopidae
1210 3537 1270 3596 elo·

143 3645 235 3698 catus
270 3657 383 3700 unomen
407 3657 447 3700 es.
493 3636 604 3701 Priore
625 3637 713 3702 enim
736 3636 808 3703 loco
830 3643 937 3702 utrum
961 3636 1087 3702 dativus
1110 3655 1153 3701 an
1174 3655 1272 3719 gene·

144 3739 230 3803 tivus
254 3739 485 3821 intellegendus
507 3739 557 3819 sit,
586 3738 701 3805 dubius
722 3740 853 3820 haereo,
880 3741 1060 3822 posteriore
1082 3741 1154 3805 loco
1177 3757 1273 3821 gene·

246 3943 269 4010 ¹)
286 3943 485 3999 Attributivum
512 3945 597 3999 malui
624 3943 722 4014 dicere,
750 3959 784 3998 ne
808 3959 869 3998 oum
893 3943 1066 4013 appositione
1083 3943 1274 4013 confundatur,

148 4041 217 4094 quae
234 4031 293 4081 tum
311 4029 478 4084 commodius
496 4031 614 4101 ponitur,
636 4045 697 4083 eum
715 4046 765 4098 pro
782 4031 923 4084 enuntiato
941 4027 1101 4082 secundario
1118 4029 1174 4082 sive
1187 4027 1274 4083 adiec-

147 4113 235 4167 tisum
253 4115 310 4168 sive
328 4115 527 4170 substantivum
545 4116 691 4185 apponitur
709 4117 887 4171 substantivo.

250 4200 271 4267 ²)
292 4198 614 4272 Polpmucbumoplupidci
632 4203 741 4270 scripsit
757 4201 932 4256 Studemund.
