2842 4890
264 931 557 1033 Genetivus
600 930 788 1058 copiae
824 940 874 1031 et
915 931 1143 1058 inopiae.

245 1199 419 1265 Genetivus
442 1201 496 1282 qui
519 1208 655 1263 vocatur
678 1199 793 1280 copiae
816 1204 848 1263 et
867 1199 999 1280 inopiae
1019 1200 1105 1280 apud
1123 1199 1273 1265 Plautum

140 1303 221 1368 satis
254 1301 406 1385 frequens
436 1308 468 1367 et
495 1301 602 1367 verbis
630 1307 662 1366 et
693 1300 860 1365 adieetivis
894 1300 1101 1379 adscribitur;
1135 1319 1273 1383 quorum

139 1407 224 1472 haee
245 1405 461 1485 inveniuntur,
485 1423 569 1487 quae
591 1413 707 1485 regunt
729 1405 914 1485 genetivum
938 1406 1098 1486 eopiae.

244 1505 412 1593 complere.
455 1506 570 1589 Amph.
596 1508 679 1571 1016
702 1527 815 1588 corpus
837 1526 924 1570 suom
946 1507 1051 1588 stupri
1073 1506 1276 1588 compleuerit‚·

140 1609 183 1674 ib.
212 1611 277 1675 470
306 1611 425 1672 erraris
450 1607 539 1671 ambo
567 1629 621 1691 epo
648 1609 719 1671 illas
742 1616 770 1671 et
797 1609 968 1671 <tanaitica
1001 1607 1160 1692 conptcbo;
1192 1607 1274 1683 Men,

140 1715 201 1778 901
227 1713 283 1795 pai
303 1733 351 1774 mc
373 1712 529 1794 coctptcuit
542 1711 657 1794 flupiti
679 1719 707 1774 ct
724 1711 926 1793 formidinis.

244 1817 403 1876 Ablativus
435 1819 597 1894 apponitur
626 1819 736 1892 Amph.
769 1817 830 1875 251
859 1817 1038 1877 uenientibus
1063 1816 1190 1876 Telebois
1212 1816 1276 1875 telis

141 1903 345 1977 conplebantur
371 1919 514 1977 corporu;
547 1901 617 1964 Cist.
644 1904 703 1960 122
733 1904 856 1978 quiaque
885 1903 956 1962 acteo
985 1921 1029 1961 ma
1056 1903 1184 1976 caepioni
1203 1903 1276 1976 tiore

146 1989 252 2048 [liberi.
297 1989 416 2065 Dignus
445 2005 491 2047 est
520 1991 572 2063 qui
601 1989 851 2046 animadvertatur
881 1990 967 2046 etiam
990 1988 1040 2047 hio
1062 2007 1150 2047 usus:
1180 1988 1275 2047 Poen.

144 2074 226 2136 1179
250 2075 368 2134 Arabus
390 2076 540 2134 marcinus
563 2076 656 2133 omnis
678 2077 769 2149 (aco.)
793 2074 865 2133 adar
886 2075 1053 2148 complebat.

246 2189 389 2277 implere.
433 2191 502 2255 Aul.
529 2193 593 2257 552
625 2193 679 2276 qui
707 2192 784 2254 inibi
810 2193 910 2254 omneis
933 2192 1068 2274 crapulas
1085 2192 1206 2272 furum
1227 2191 1277 2252 iu-

136 2295 272 2378 plcuisti
298 2295 333 2357 in
360 2294 507 2370 acdibas‚·
540 2293 636 2360 Mero.
659 2296 721 2360 795
748 2295 962 2377 suspicionum
991 2293 1134 2376 impleuit
1158 2314 1205 2355 mc
1227 2293 1277 2356 in·

143 2395 392 2482 dipnissumc¹);
412 2397 454 2461 ib.
476 2398 541 2462 409
563 2398 755 2479 impleantur
776 2397 945 2479 etapiorum
966 2395 1154 2478 meacforcs
1170 2394 1276 2459 curbo-

142 2499 237 2573 nibus
244 2521 255 2575 ‚·
285 2499 339 2563 ubi
367 2507 454 2566 recte
477 2501 595 2582 Ussing
617 2500 802 2564 carbonibus
824 2520 883 2584 pro
907 2501 1049 2565 ablativo
1071 2499 1277 2564 instrumenti

142 2601 244 2667 habet
278 2600 375 2686 (addi,
407 2602 521 2686 iuquit,
551 2603 663 2686 'potuit
693 2602 956 2687 „scriptorum“),
986 2621 1086 2685 prave
1114 2601 1228 2666 Holtze
1239 2600 1275 2685 ²),

142 2704 267 2769 Ebrard
280 2703 306 2789 ³)
334 2705 352 2788 ξ
375 2706 427 2786 56,
457 2705 488 2785 5,
521 2704 643 2770 Sohaal
662 2706 679 2769 l.
704 2706 721 2768 l.
744 2726 773 2787 p.
795 2706 838 2770 44
860 2712 925 2771 not.
952 2711 977 2786 1,
1000 2706 1088 2770 hune
1108 2711 1276 2786 tamquam

144 2808 323 2874 ablativum
351 2810 465 2891 copiae
496 2810 538 2874 ad
564 2809 699 2874 verbum
730 2810 884 2891 implendi
904 2810 1082 2874 retulerunt
1104 2806 1172 2890 (cfr.
1195 2806 1277 2872 inira

143 2913 214 2977 Aul.
238 2910 322 2996 454).

248 3016 409 3076 Ablativus
432 3018 594 3095 apponitur
617 3016 684 3078 Cas.
711 3018 771 3077 123
795 3036 844 3091 epo
867 3021 893 3076 tc
916 3017 1036 3091 implebo
1056 3016 1175 3092 pinguim
1203 3014 1275 3073 Aul.

143 3102 210 3160 454
237 3107 395 3177 postquam
428 3104 577 3178 impleuisti
608 3105 683 3177 fusti
710 3102 850 3175 fissorum
879 3108 973 3176 caput,
1008 3123 1097 3178 quem
1123 3102 1224 3159 locum
1248 3111 1277 3159 et

143 3187 228 3246 Lech
258 3197 285 3246 et
313 3187 424 3247 Schaaf
447 3208 503 3247 suo
530 3199 654 3264 uterque
683 3191 769 3248 modo
797 3190 922 3264 scripsit.
968 3188 1034 3263 Hie,
1063 3186 1116 3263 qui
1142 3185 1277 3246 Camera-

144 3275 222 3331 rium
256 3276 390 3348 sequitur
421 3275 550 3346 fustibus
584 3276 706 3334 istarum
739 3273 925 3344 scribentem,
957 3293 1021 3332 non
1054 3274 1166 3349 dubito,
1203 3273 1278 3346 quin

143 3367 221 3418 reete
243 3359 371 3431 fustibus
394 3361 480 3435 quasi
505 3363 667 3420 ablativum
694 3363 797 3436 copiae
827 3379 895 3418 eum
924 3362 1016 3419 verbo
1042 3359 1183 3435 implendi
1209 3375 1277 3415 oon·
1308 3403 1311 3408 Δ

144 3447 287 3503 struxerit
318 3445 383 3524 (cfr.
413 3447 446 3503 in
472 3446 570 3523 priore
592 3449 728 3522 exemplo
749 3447 882 3523 stupris);
917 3444 967 3502 ille
989 3464 1068 3520 vero,
1097 3445 1151 3519 qui
1171 3443 1278 3503 codicis

145 3532 323 3606 scripturam
345 3533 453 3590 retinet
475 3533 564 3610 (fusti
583 3532 721 3603 fissorum
742 3531 912 3608 genetivum
936 3530 1076 3589 materiae
1095 3547 1159 3588 esse
1178 3538 1278 3587 censet

145 3637 173 3691 p.
198 3617 242 3693 5),
267 3636 341 3675 num
370 3618 446 3690 fusti
465 3638 520 3694 pro
541 3617 672 3677 ablativo
694 3620 796 3694 copiae
819 3626 884 3693 apte
907 3616 1043 3675 habuerit
1066 3616 1105 3694 (p.
1128 3614 1192 3693 30),
1223 3613 1277 3672 du·

252 3787 271 3849 1)
287 3783 471 3851 suspicionum
493 3789 641 3849 praeeunte
659 3785 752 3836 Dousa
769 3783 806 3836 fil.
826 3784 918 3849 Guetz,
942 3782 1033 3836 nescio
1052 3797 1104 3848 qua
1127 3780 1160 3834 de
1183 3796 1278 3847 causa3

147 3868 211 3922 libri
229 3867 381 3936 suspicione
397 3870 429 3936 (B
447 3867 667 3936 suspitionibus).
685 3868 758 3936 quod
776 3869 889 3922 retinuit
908 3868 1014 3935 Ussing.

249 3955 270 4022 ²)
288 3954 408 4007 Holtze
426 3956 554 4023 syntaxis
573 3956 653 4022 prise.
673 3955 764 4021 script.
785 3954 832 4007 lat.
851 3954 872 4022 Ι,
890 3970 915 4020 p.
935 3954 992 4005 120.

147 4090 151 4099 ,
249 4041 270 4108 ⁸)
287 4040 428 4093 Ebrard
457 4042 499 4093 De
527 4041 649 4097 Ablativi
676 4041 800 4095 Locativi
829 4039 1049 4093 Instrumentalis
1077 4038 1148 4106 apud
1177 4038 1278 4104 priseos

147 4123 293 4192 scriptores
311 4126 411 4180 latinos
430 4141 480 4179 usu
497 4127 618 4194 (Lipsiae
637 4126 722 4193 1819).
