2842 4890
1179 241 1200 305 5

112 449 175 512 872
198 447 388 509 Alcumenas
409 444 613 508 innocentiae.
629 481 670 490 —
686 444 831 526 Denique
852 445 937 508 hanc
952 443 1080 508 forman
1096 445 1242 510 Bueche-

111 550 160 615 ler
182 549 294 614 maluit
315 546 432 612 inferre
455 547 573 611 Bacch.
595 547 658 611 307
682 553 714 610 et
736 546 823 610 Pers.
845 548 909 611 409
933 545 973 628 (v.
997 565 1096 628 supra
1119 546 1191 631 ni).

217 653 285 715 *es
305 669 385 714 num
406 650 441 712 11
463 650 613 731 g‘enetivo
640 650 794 731 singulari
819 668 878 731 pro
905 650 950 711 -ei
974 651 1119 730 posuerit
1145 649 1241 714 Plau-

113 762 175 835 tus,
209 753 302 818 valde
334 751 467 816 dubium
500 758 557 816 est.
602 751 735 816 Duobus
767 753 855 816 enim
888 749 978 832 locis,
1012 751 1129 834 quihus
1156 753 1241 816 hanc

113 856 250 922 formam
282 861 467 920 statuerunt
499 855 653 934 nonnulli,
689 855 784 919 lectio
818 854 968 918 codicum
1002 855 1095 919 aliter
1116 856 1242 920 videtur

112 961 263 1043 explicari
296 978 401 1042 posse.
445 958 559 1025 Pseud.
592 960 655 1023 477
685 964 823 1039 pareest
851 958 879 1019 et
897 956 984 1038 fides
1007 958 1103 1022 edidit
1128 957 1240 1039 Goetz,

109 1063 321 1128 Ritschelium
344 1068 376 1128 et
401 1061 589 1127 Muellerum
617 1060 710 1145 (Add.
733 1061 774 1125 ad
797 1079 883 1142 pros,
906 1082 934 1142 p.
958 1060 992 1145 8)
1019 1067 1150 1126 secutus
1173 1060 1243 1144 (cf.

109 1165 226 1232 Pseud.
240 1165 329 1248 467),
344 1165 531 1230 Fleckeisen
546 1165 679 1247 propius
695 1164 736 1227 ad
752 1163 903 1228 codicum
919 1164 1111 1245 scripturam
1122 1184 1242 1245 partem

109 1275 155 1331 rte
169 1268 256 1350 fides
279 1267 439 1332 accedens
457 1273 605 1348 paratust
628 1267 656 1328 ei
670 1264 756 1345 fides
784 1265 882 1330 scribi
904 1267 1027 1345 maluit,
1051 1285 1151 1349 quam
1173 1265 1240 1330 for-

112 1388 199 1434 mam
221 1371 370 1452 genetivi,
394 1389 468 1434 cum
490 1371 587 1434 nimis
616 1371 740 1434 incerta
763 1370 934 1449 videretur,
963 1369 1081 1450 Ussing
1106 1369 1140 1432 in
1159 1367 1242 1449 fidei

113 1472 164 1537 vel
177 1471 245 1554 fide
267 1473 534 1538 commutandam
557 1491 629 1537 esse
652 1473 785 1537 censuit.
830 1472 916 1536 Pers.
932 1472 996 1535 244
1015 1491 1112 1555 neque
1133 1472 1241 1554 tippu-

112 1575 158 1637 lai
189 1575 291 1637 leuius
320 1576 460 1657 ponderet
493 1596 588 1658 quam
612 1574 698 1656 fides
732 1575 889 1649 lenonium
922 1575 967 1637 ita
1000 1574 1087 1638 enim
1113 1574 1242 1655 scripsit

110 1677 234 1742 Ritschl
261 1696 374 1742 casum
401 1678 541 1759 genetivi
566 1683 602 1741 ut
632 1677 868 1742 accuratiorem
892 1677 1081 1742 desiderans
1115 1676 1242 1755 (Dacier

102 1779 172 1861 fide
206 1780 370 1864 laconiae),
406 1781 495 1863 quod
516 1782 550 1844 in
572 1781 662 1845 libris
686 1787 735 1847 est
760 1780 846 1861 fides
868 1781 995 1842 lenonia
1028 1780 1159 1844 retinuit
1180 1779 1241 1845 Us-

109 1883 182 1965 sing
193 1882 219 1966 1)
247 1882 288 1967 (v.
320 1883 405 1947 infra
431 1889 535 1965 genet.
558 1902 644 1965 poss.
673 1884 809 1965 pondus,
834 1889 865 1947 et
896 1882 1119 1948 cicomacum
1150 1882 1241 1947 Neue

108 1985 268 2050 Formenl.
292 1986 304 2048 1
326 2006 356 2068 p.
378 1987 451 2065 378,
474 1986 653 2051 Buecheler
674 2005 703 2066 p.
728 1988 744 2050 1
769 1985 811 2066 2).

211 2087 257 2152 -is
288 2089 323 2152 in
356 2089 505 2170 genetivo
539 2090 693 2170 singulari
723 2090 838 2154 tertiae
861 2089 1085 2153 declinationis
1107 2087 1240 2152 Plautus

109 2192 193 2256 sicut
216 2191 270 2256 alii
291 2193 467 2274 scriptores
490 2193 665 2274 usurpavit.
699 2191 762 2256 Sed
783 2192 944 2277 interdum
961 2197 1139 2256 extremam
1154 2190 1240 2255 litte-

107 2307 179 2359 ram
202 2315 232 2356 -3
254 2294 338 2359 abici
361 2296 467 2359 solere
489 2313 588 2376 supra
611 2294 821 2373 ostendimus
845 2300 879 2358 ut
903 2295 997 2376 quasi
1011 2293 1045 2357 in
1061 2293 1240 2358 secundam

108 2397 359 2463 declinationem
381 2397 548 2463 transiisse
563 2397 618 2461 illa
632 2398 767 2462 nomina
781 2397 959 2462 videantur.
997 2396 1239 2461 Duhitationem

107 2518 186 2566 vero
210 2499 313 2565 adfert
334 2519 376 2566 ea
398 2500 559 2565 scribendi
581 2501 675 2581 ratio,
710 2519 775 2582 qua
797 2499 932 2566 verbum
955 2520 1019 2562 esse
1041 2519 1116 2565 oum
1139 2517 1239 2581 gene-

106 2605 175 2670 tivo
198 2605 232 2668 in
255 2623 355 2668 unum
378 2605 589 2683 contrahitur,
613 2604 700 2668 velut
722 2602 783 2666 Mil.
806 2604 867 2667 997
892 2623 971 2686 qaue
992 2601 1088 2664 haias
1110 2602 1239 2684 repleas

106 2707 276 2788 corpmlct3
309 2705 407 2770 Poen.
430 2708 493 2770 315
510 2706 660 2787 paullum
681 2705 814 2780 sordlst;
848 2705 1013 2771 11111761
1037 2706 1066 2767 is
1096 2702 1239 2766 Venerist

106 2807 334 2883 aduersariam
366 2807 435 2872 Aul.
466 2808 529 2872 448
559 2809 636 2890 plus
655 2807 825 2870 ‘mercedest
853 2826 931 2889 opus
963 2805 1030 2890 (cfr.
1061 2806 1238 2872 Buecheler

105 2930 136 2993 p.
161 2911 245 2994 102).

211 3013 321 3094 Neque
343 3013 377 3076 id
397 3013 496 3077 tacite
519 3013 791 3095 praetereundum
814 3019 874 3090 est,
909 3011 996 3094 quod
1019 3012 1130 3076 addita
1152 3017 1164 3073 t
1185 3012 1236 3075 lit·

104 3121 176 3179 tera
210 3115 326 3197 stirpes
359 3115 475 3179 horum
509 3114 786 3179 substantivorum
820 3132 1067 3196 nonnumquam
1100 3114 1236 3195 produci

104 3223 242 3299 possunt
254 3216 291 3302 2),
313 3218 399 3283 velut
422 3219 456 3282 in
478 3218 584 3282 Plauti
605 3217 698 3282 Most.
720 3218 786 3283 560
806 3217 1034 3280 Philolachetis
1055 3237 1236 3279 1111111311·-

103 3339 176 3382 elom
210 3338 269 3401 pro
303 3318 517 3398 Philomelae,
553 3321 640 3403 quod
674 3320 836 3385 invenitur
858 3338 905 3385 ex,
928 3339 974 3401 gr.
997 3318 1038 3383 ih.
1060 3320 1237 3401 3741111111·

209 3594 229 3661 ²)
246 3592 344 3660 Amph.
363 3595 413 3645 555
431 3595 464 3646 at
482 3591 538 3646 luia
550 3607 652 3660 param
669 3592 708 3646 sil
724 3592 797 3660 opud
816 3595 839 3645 te
855 3590 929 3659 fides,
942 3591 1048 3658 qualem
1061 3590 1133 3643 hunc
1146 3591 1235 3644 locum

103 3679 257 3746 Draeger
284 3677 384 3747 adfert,
410 3679 580 3732 Historische
607 3679 739 3747 Syntaxl
763 3679 855 3748 5199,
879 3679 903 3747 3,
930 3677 994 3730 libri
1017 3675 1093 3728 calla
1116 3691 1165 3743 pro
1183 3690 1235 3742 pa-

102 3778 168 3816 rum
184 3762 314 3816 exhibent
330 3762 366 3830 (r.
384 3763 458 3817 infru
476 3763 526 3816 sub
545 3768 632 3832 genet.
651 3769 721 3832 part.
735 3765 856 3831 panem).

207 3866 228 3932 ²)
246 3863 301 3918 Gfr.
327 3864 477 3918 Buecheler
499 3880 526 3932 p.
544 3865 603 3933 116,
630 3865 677 3918 ubi
695 3881 728 3918 ex
746 3865 842 3919 Plauto
861 3865 915 3918 duo
934 3865 988 3917 alia
1006 3862 1167 3916 adferuntur
1185 3877 1233 3914 no·

103 3949 178 4002 mina
202 3951 321 4018 propria,
346 3965 417 4017 quac
440 3950 535 4004 addita
559 3951 652 4003 littera
675 3950 762 4004 nasali
783 3965 804 4003 11
826 3950 1014 4018 producuntur
1040 3946 1185 4015 (Soterinis
1204 3952 1232 4000 et

103 4049 159 4087 acc.
176 4032 345 4088 Archlle'nem
362 4050 395 4088 ex
414 4035 582 4089 nominativo
602 4035 724 4088 Arche'lls
742 4036 895 4103 formatus).
