2902 4890
202 269 245 337 84

161 482 228 556 pino
269 482 413 553 amerest;
449 480 520 536 Aul.
552 480 615 538 554
643 482 693 555 qai
723 483 909 543 intromisisti
941 484 972 541 in
1004 482 1090 541 aedes
1121 483 1288 557 qaiapmtos

164 583 270 641 roquos
292 584 355 625 oam
376 567 452 625 semis
473 565 605 624 manibus
624 585 725 640 perere
743 586 916 642 petromoso
939 566 1007 648 (cfr.
1030 577 1182 645 praeterea
1195 567 1286 639 ditiis,

158 654 286 727 otram).

261 734 421 796 Ablativus
446 756 483 794 ex
509 736 544 794 da
569 739 785 813 praepositione
812 741 921 816 pendet
941 739 1020 797 Rud.
1047 738 1128 800 1197
1152 757 1201 815 epo
1223 759 1287 800 eam

159 827 193 886 de
212 841 313 900 amere
333 839 443 883 samm
465 820 639 882 adulescenti
659 823 741 888 dabo.

259 910 413 984 prosapia.
456 907 548 966 Mero.
576 907 640 967 634
664 911 810 984 ropitares
837 913 902 986 pair
930 915 1006 971 esset
1031 914 1082 970 art
1107 910 1182 970 uado
1203 914 1285 982 esset,

166 1015 223 1073 aaa
238 997 391 1072 prosapia.
435 993 504 1053 Hno
525 994 612 1052 etiam
632 995 804 1055 referendus
825 997 943 1056 videtur

264 1081 399 1154 faotione.
444 1078 516 1139 (list.
553 1080 617 1139 318
647 1099 736 1156 nepae
767 1099 820 1142 ros
849 1083 974 1156 faotione
1000 1087 1090 1152 tanta,
1117 1086 1228 1156 quarta
1243 1085 1287 1141 -ta

145 1186 267 1236 Asamus.
303 1164 361 1249 (De
383 1166 599 1243 significatione
620 1165 711 1226 huius
733 1170 818 1227 voois
839 1168 890 1227 cir.
912 1168 1025 1245 Ussing
1046 1169 1083 1226 ad
1103 1168 1176 1226 Aul.
1201 1167 1286 1246 160).

261 1253 378 1312 tenea.
422 1250 506 1329 Oapt.
531 1251 593 1311 279
615 1271 670 1326 qao
691 1254 828 1314 honorost
846 1252 927 1314 illie?
947 1289 988 1300 ·-
1010 1272 1120 1314 sammo
1142 1256 1229 1327 atqae
1250 1254 1285 1313 ab

158 1341 279 1400 mmmis
299 1341 384 1398 airis.
1275 1342 1277 1345 ’

258 1424 567 1500 Denique‘ablativus
590 1424 740 1499 qualitatis
762 1425 884 1499 ponitur
904 1423 1162 1488 substantivorum

260 1511 410 1585 qradibms.
455 1509 540 1586 Epid.
565 1508 604 1570 13
626 1514 659 1569 mt
681 1514 711 1570 tm
733 1528 763 1569 es
782 1511 922 1585 aradibus
941 1511 1109 1585 maridas.

259 1599 379 1656 ammae.
423 1595 503 1656 Men.
535 1596 616 1653 1122
645 1614 701 1655 mmo
727 1599 840 1657 momine
867 1595 951 1656 ambo
977 1599 1082 1669 eratis;
1109 1593 1193 1673 Capt.
1222 1596 1286 1655 590

161 1701 250 1756 nepae
267 1727 274 1740 .
289 1727 295 1739 .
313 1726 319 1741 .
335 1683 412 1742 atlas
433 1699 534 1740 ammos
554 1683 626 1740 istor
646 1684 795 1742 mmainest.

260 1770 370 1828 tamisis.
412 1767 510 1825 Poan.
540 1766 622 1825 1303
651 1784 721 1826 same
745 1787 833 1842 pamas
857 1768 909 1828 hoo
938 1769 1153 1827 mulierosumst
1182 1769 1286 1827 tamisis

160 1854 339 1914 demissioiis.

262 1944 386 2014 sumpta.
437 1939 508 1997 Aul.
541 1937 605 1995 484
637 1943 664 1998 et
695 1957 749 1998 mos
783 1941 893 1999 minore
925 1945 1041 2014 sumpta
1074 1940 1165 1998 simas
1197 1957 1285 2013 qaam

153 2042 261 2086 samma
514 2048 520 2058 ·

259 2129 334 2171 mooe.
378 2111 466 2168 Most
490 2109 552 2169 576
574 2111 634 2168 soto
661 2113 686 2168 te
703 2101 782 2169 nboma
802 2128 865 2170 esse
885 2127 961 2170 aare.

260 2197 415 2256 Postremo
437 2198 514 2254 inter
536 2196 680 2253 ablativos
701 2197 849 2270 qualitatis
870 2197 896 2254 is
918 2214 1038 2272 quoque
1053 2214 1284 2254 commemoran-

158 2285 213 2342 dus
247 2293 299 2358 est,
334 2285 386 2359 qui
415 2302 468 2359 pro
497 2281 641 2340 adiectivo
668 2283 808 2340 attributo
830 2282 1001 2341 adverbium
1025 2285 1056 2340 at
1076 2281 1133 2339 sibi
1155 2281 1284 2338 adscivit

162 2368 251 2427 Most.
278 2369 340 2428 708
358 2369 412 2444 pol
432 2371 525 2427 messio
547 2370 580 2425 at
599 2367 731 2427 mortim
752 2370 826 2427 sient
845 2371 978 2440 eostam
998 2368 1052 2425 ubi
1072 2366 1184 2426 iniuria
1207 2367 1285 2426 vide·

164 2465 213 2512 tur
234 2456 349 2513 Lorenz
371 2455 587 2530 neglegentiam
620 2453 770 2530 scriptoris
797 2452 1020 2530 reprehendisse
1047 2453 1287 2528 (‚,nashlissigsr

164 2541 325 2598 Ausdruck
347 2539 397 2598 fiir
418 2539 520 2614 quihus
541 2539 670 2598 moribus
686 2540 762 2598 oder
783 2544 816 2598 mt
829 2536 1003 2621 moratae¹‘),
1018 2558 1085 2597 oum
1102 2537 1222 2614 saepius
1236 2539 1286 2596 ad·

168 2628 272 2684 verbia
294 2646 348 2702 pro
377 2623 527 2683 adiectivis
554 2634 584 2682 et
611 2626 690 2700 apud
719 2627 792 2684 alios
814 2626 970 2701 scriptores
992 2633 1021 2682 et
1041 2625 1121 2701 apud
1141 2623 1285 2683 Plautum

160 2717 306 2788 usurpata
331 2713 390 2770 sint
415 2709 483 2789 (cfr.
515 2710 628 2786 Ussing
660 2713 695 2768 ad
729 2713 838 2787 Amph.
871 2711 932 2774 571
964 2713 1076 2770 atinam
1100 2713 1145 2770 ita
1173 2714 1285 2786 essem).

158 2796 272 2857 Similis
302 2806 346 2856 est
374 2799 457 2854 locus
479 2795 589 2854 Bacch.
616 2797 697 2855 1108
718 2799 808 2871 ipitar
823 2800 897 2871 pari
916 2797 1045 2870 fortuma,
1068 2800 1163 2856 aetate
1183 2801 1217 2856 at
1238 2815 1286 2856 sa·

159 2902 233 2955 mus,
268 2886 384 2943 attimar.
430 2881 619 2957 Quamquam
653 2883 686 2940 in
715 2881 761 2940 his
788 2883 930 2959 exemplis
955 2884 1055 2941 neseio
1076 2902 1115 2940 an
1137 2884 1285 2942 ablativus

160 2972 258 3046 potius
280 2980 430 3045 raspeatus
453 2988 542 3044 quam
566 2966 716 3042 qualitalis
738 2969 952 3045 intellegendus
974 2971 1020 3044 sit,
1043 2976 1077 3026 ut
1099 2969 1192 3027 artius
1216 2988 1285 3028 sum

159 3056 325 3132 praedicato
347 3058 501 3114 cohaereat
521 3059 554 3114 mt
575 3073 663 3128 quam
687 3073 755 3112 oum
778 3055 973 3115 substantivo.
