2842 4890
1191 252 1229 321 11

131 447 272 522 ’1116111111
285 459 323 544 1);
356 458 449 523 Most.
484 461 546 524 190
578 467 750 537 matronae,
784 480 847 522 uou
868 459 1124 535 meretriciumst;
1157 450 1282 542 quibua¹

142 562 224 627 locis
246 560 385 626 formam
407 562 617 625 meretricium
640 581 699 644 pro
722 563 872 644 genetivo
895 560 1090 627 substantivi
1103 564 1275 626 meretricis

141 663 264 729 habere
298 683 404 747 neque
437 683 572 730 necesse
600 670 657 740 est,
686 666 714 728 si
735 664 917 730 sententiae
938 663 1077 730 habetur
1097 664 1193 745 ratio,
1215 684 1274 730 ne·

143 785 207 849 que
229 767 410 846 verisimile,
435 777 510 832 cum
531 767 675 848 pluribus
697 767 777 832 locis
801 768 986 849 genetivum
1006 767 1103 835 huius
1123 767 1274 835 vocabuli

143 870 338 932 meretricum
360 888 432 935 esse
455 876 583 935 constet
615 869 683 950 (cir.
716 870 834 936 Bacch.
864 871 927 934 563
948 871 1144 934 meretricum
1166 872 1275 952 copim·

142 973 229 1055 Epid.
245 973 308 1037 213
322 974 519 1035 rueretricum
542 993 692 1036 uumerus
698 991 710 1051 ;
732 973 825 1038 Truc.
841 974 903 1037 889
919 973 1042 1054 ploriue
1056 973 1274 1058 meretricum).

142 1074 206 1140 Pro
229 1093 308 1138 vera
329 1076 470 1156 genetivi
492 1074 598 1139 forma
615 1076 839 1156 familiarium
861 1075 1006 1139 nonnulli
1029 1076 1160 1142 codices
1174 1076 1274 1141 inter-

142 1178 221 1242 dum
252 1176 410 1258 praebent
437 1178 656 1259 familiarum.
701 1177 763 1241 Mil.
796 1178 1109 1244 autumabam
1135 1178 1273 1244 formam

142 1279 234 1360 BCD,
268 1280 356 1343 illam
389 1279 418 1343 A
451 1280 559 1344 habet.
604 1279 727 1345 Contra
757 1278 851 1345 Most.
876 1281 916 1343 82
934 1300 1114 1361 palleorum
1135 1301 1274 1344 omasum

141 1390 222 1447 suut.
246 1385 375 1446 relictae
406 1385 560 1467 reliquiae
594 1392 682 1449 vera·
705 1382 814 1448 lectio‘
835 1389 895 1463 est,
930 1402 996 1448 non
1029 1385 1183 1449 meusium
1212 1403 1273 1450 nec

141 1507 315 1563 rammam,
329 1487 415 1570 quod
428 1487 559 1570 quidam
572 1487 702 1552 codices
713 1486 871 1569 praebent
881 1486 917 1564 ²).
940 1484 1074 1552 Ceteras
1088 1487 1274 1553 huiusmodi

143 1588 276 1668 formas,
310 1608 394 1671 quae
428 1609 494 1654 non
516 1596 592 1653 sunt
614 1606 749 1671 paucae,
774 1589 826 1653 hic
850 1607 1042 1655 enumerare
1065 1591 1271 1671 supersedeo,

144 1712 219 1757 cum
240 1693 347 1775 aptius
370 1693 448 1756 mihi
470 1694 575 1757 visum
596 1693 637 1756 sit
654 1711 711 1757 eas
726 1693 812 1756 inter
827 1692 982 1758 lectiones
998 1693 1107 1757 varias
1122 1699 1273 1759 tractare.

246 1812 334 1859 -rum
365 1795 524 1878 suffixum,
560 1796 647 1878 quod
670 1797 703 1859 in
725 1797 838 1879 prima,
863 1796 1015 1878 secunda,
1040 1797 1154 1879 quinta
1175 1797 1273 1862 decli-

141 1897 277 1963 natione
298 1899 448 1978 genetivo
482 1899 596 1979 plurali
625 1899 768 1979 inservit,
792 1899 871 1963 nihil
893 1895 960 1965 iere
982 1897 1081 1964 habet
1103 1900 1273 1980 singulare,

142 2002 205 2065 nisi
239 2001 326 2082 quod
360 2001 393 2064 in
427 2001 540 2083 quinta
572 2001 789 2066 declinatione
822 2020 897 2066 raro
932 2008 1106 2082 usurpatur
1140 2004 1185 2081 (in
1207 2022 1273 2066 uno

143 2103 346 2168 substantivo
368 2124 476 2166 rerum
498 2105 584 2185 apud
605 2103 769 2187 Plautum)
786 2111 819 2169 et
834 2122 1080 2186 nonnumquam
1096 2105 1274 2170 intertium

143 2223 275 2289 quoque
307 2207 434 2271 invasit.
478 2207 573 2288 Apud
606 2206 754 2271 Plautum
790 2207 877 2271 enim
911 2207 1068 2288 scriptum
1096 2213 1145 2271 est
1176 2205 1275 2273 Poen.

143 2309 208 2374 314
225 2310 315 2390 pleui
337 2311 420 2372 oculi
441 2309 605 2373 sorderum
627 2311 660 2374 in
684 2310 754 2374 cod.
777 2310 815 2390 A,
839 2311 940 2374 ceteri
963 2310 1131 2376 sorderuut
1152 2309 1274 2376 habent

141 2412 297 2498 (sordium
318 2413 372 2493 Z);
404 2414 569 2476 cordarum
591 2414 721 2494 scripsit
744 2412 894 2495 Geppert.
936 2412 1029 2477 Truc.
1051 2414 1112 2478 307
1136 2413 1274 2477 duarum

141 2534 293 2579 uucermu
314 2516 436 2578 creduit
457 2535 517 2598 pro
539 2537 647 2578 rerum
669 2516 768 2581 edidit
790 2515 919 2581 Schoell
942 2514 983 2598 (v.
999 2514 1084 2579 inira
1103 2524 1207 2596 genet.
1222 2534 1275 2581 re·

142 2617 296 2703 lationis).
340 2619 452 2701 Neque
475 2619 506 2682 id
531 2619 744 2684 omittendum
766 2619 902 2698 videtur,
926 2618 1014 2700 quod
1036 2618 1169 2683 Plautus
1190 2618 1274 2684 Trin.

140 2722 206 2788 425
221 2722 307 2785 mille
321 2721 569 2784 drachumarum
584 2723 756 2804 tarpezitae
771 2723 921 2804 olympico
932 2721 958 2805 ³)
973 2722 1061 2802 dixit,
1081 2741 1149 2787 non
1162 2721 1276 2786 droci-

139 2845 236 2902 mum,
270 2844 369 2907 quam
401 2825 539 2890 sormam
572 2826 659 2908 apud
689 2827 770 2891 alios
793 2826 969 2907 scriptores
990 2832 1188 2906 usurpatam,
1203 2844 1275 2892 esse

141 2928 233 2994 Neue
254 2928 267 2991 I
289 2948 318 3009 p.
340 2929 384 2992 20
405 2947 446 2994 ex
467 2928 614 2993 Varrone
637 2929 786 2994 ostendit.
843 2912 848 2924 ’

246 3029 359 3095 Restat
381 3036 417 3094 ut
440 3030 480 3094 de
502 3031 652 3111 genetivo
675 3030 789 3112 plurali
812 3030 1043 3112 pronominum
1057 3031 1276 3113 personalium

146 3139 179 3199 et
201 3134 472 3215 possessivorum,
498 3152 582 3216 quae
605 3140 681 3199 sunt
702 3142 852 3210 nostrum,
876 3140 1016 3196 uestrum
1035 3139 1067 3197 et
1088 3141 1275 3210 uestrorum,

142 3243 334 3313 nostrorum,
369 3244 554 3313 uestrorum,
590 3244 769 3298 riestrarum
792 3254 897 3318 pauca
925 3235 1123 3299 disseramus
1136 3235 1162 3317 4)
1184 3233 1275 3319 (nam

142 3339 284 3422 genetivi
315 3341 416 3402 uvostri
449 3345 480 3404 et
510 3340 604 3402 uestri
632 3340 718 3422 apud
749 3338 897 3403 Plautum
926 3357 993 3402 non
1023 3338 1229 3402 inveniuntur
1240 3335 1274 3421 ⁵).

247 3578 267 3645 ¹)
284 3576 329 3630 Sic
347 3577 381 3640 A,
399 3576 572 3629 meretricum
589 3577 643 3630 FZ.

245 3663 266 3730 ²)
285 3661 340 3714 (tir.
359 3662 453 3714 Neue
471 3661 663 3714 Formenlehre
682 3660 695 3711 I
714 3676 740 3727 p.
759 3661 818 3712 260.

247 3748 267 3814 ³)
289 3746 427 3816 Olympico
445 3763 494 3815 pro
512 3747 645 3800 librorum
667 3744 837 3814 Olympicum
854 3751 927 3800 recte
948 3745 1069 3815 restituit
1088 3745 1119 3798 G.
1138 3744 1227 3799 Valla.

248 3832 271 3899 ⁴)
291 3831 346 3884 Cir.
365 3832 476 3884 Luchs
495 3833 523 3884 in
541 3829 719 3884 Studemundi
738 3830 812 3883 stud.
833 3848 858 3898 p.
871 3832 920 3883 383
934 3846 1000 3897 sqq.;
1017 3829 1166 3883 Buecheler
1178 3846 1204 3897 p.
1216 3831 1275 3885 145.

247 3919 268 3984 ⁶)
286 3917 356 3970 Nam
384 3917 456 3984 quod
479 3915 630 3969 Buecheler
647 3933 673 3983 p.
690 3916 741 3968 145
760 3917 897 3969 nonnullis
915 3915 982 3969 locis
1000 3914 1089 3968 nostri
1107 3931 1156 3982 pro
1174 3915 1276 3969 nostrie

145 4002 343 4058 restituendum
368 4008 466 4071 censet,
493 4002 567 4055 velut
591 4003 665 4056 Trin.
689 4003 740 4053 601
764 4003 907 4069 postquam
930 4000 1087 4053 exturbauit
1112 3998 1155 4052 llic
1176 4015 1225 4052 noa
1241 4016 1275 4053 err

143 4089 247 4143 nostris
263 4087 380 4156 aedibus,
400 4104 495 4155 pamm
515 4087 644 4141 credibile
663 4087 777 4140 videtur.
805 4088 884 4140 Hunc
902 4101 1010 4139 versum
1029 4087 1130 4139 omissa
1147 4101 1181 4138 ca
1197 4101 1275 4153 prae-

144 4176 280 4243 positione
298 4173 450 4228 emendavit
469 4175 588 4242 Ritschl3
608 4174 656 4226 alii
674 4173 761 4225 aliter.
