2902 4890
209 308 271 373 102

264 513 436 580 benetivus
469 512 614 581 criminis
648 519 702 602 qui
736 525 873 584 vocatur
895 520 981 602 apud
1003 519 1104 585 verba
1130 521 1297 588 iudicandi

161 619 230 683 sive
263 616 405 683 forensia
428 617 468 682 de
490 618 624 685 crimine
646 629 678 687 et
700 641 806 705 poena
828 624 958 707 ponitur
981 629 1012 688 et
1035 624 1122 706 apud
1144 623 1297 690 Plautum

162 720 242 786 satis
277 720 413 785 usitatus
447 727 504 786 est.
547 721 679 791 Poenae
706 744 785 790 vero
808 726 899 791 notio
921 726 1071 808 genetivo
1094 727 1297 809 exprimitur,

162 824 217 908 qui
254 842 327 888 cum
361 824 509 905 genetivo
542 828 637 909 pretii
669 829 912 894 similitudinem
945 830 1111 912 quandam
1134 831 1245 911 habet,
1271 832 1298 896 si

162 933 286 1011 quanta
319 928 391 1009 quis
426 929 563 1009 pecunia
591 932 743 997 multetur
770 952 837 997 non
861 931 989 1013 dicitur3
1013 934 1041 997 si
1063 940 1155 999 certa
1179 935 1299 1000 dicitur

165 1031 317 1115 pecunia,
340 1030 499 1095 ablativus
522 1034 651 1114 ponitur
662 1034 695 1119 ¹).

264 1133 434 1199 Ablativus
468 1141 577 1200 autem
604 1157 803 1222 quamquam
827 1139 913 1222 apud
935 1139 1110 1221 scriptores
1132 1141 1297 1221 posterio-

158 1240 204 1303 ris
238 1239 354 1304 aetatis
386 1237 664 1320 frequentissimus
698 1247 756 1322 est,
791 1242 841 1305 his
863 1248 975 1307 tamen
997 1242 1104 1307 verbis
1136 1242 1296 1309 aPlauto

159 1361 225 1407 non
260 1342 453 1424 adiungitur,
488 1349 623 1426 excepto
657 1363 722 1410 uno
756 1344 856 1410 verbo
883 1343 1058 1423 multandi,
1082 1345 1170 1428 quod
1192 1346 1297 1411 tribus

157 1446 239 1512 locis
262 1445 418 1510 Plautinis
442 1465 516 1510 cum
539 1447 681 1513 ablativo
705 1449 915 1513 coniunctum
930 1448 1048 1528 inveni,
1065 1467 1173 1530 neque
1189 1450 1297 1515 eidem

157 1549 258 1616 verbo
282 1567 422 1631 usquam
445 1550 531 1630 apud
553 1549 701 1615 Plautum
724 1550 929 1633 subiungitur
949 1552 1126 1633 genetivus,

263 1789 446 1855 Criminis
479 1791 569 1856 notio
602 1792 751 1874 genetivo
785 1792 983 1873 exprimitur,
1008 1792 1063 1874 qui
1086 1810 1126 1856 ex
1147 1791 1198 1854 his
1221 1810 1296 1856 ver-

162 1894 212 1958 bis
235 1894 368 1975 pendet:

263 2014 425 2064 accusare.
469 1998 582 2081 Amph.
611 1998 674 2063 869
696 2016 794 2080 quam
816 1996 874 2061 uir
896 1995 1059 2060 insontem
1075 1994 1192 2078 probri
1214 1993 1296 2060 Am·

152 2101 290 2185 phitrua
312 2105 450 2167 armarat.

261 2208 478 2267 Pronominum
503 2209 688 2266 accusativus
710 2209 847 2266 neutrius
870 2207 985 2282 generis
1007 2205 1076 2263 huic
1099 2208 1188 2263 verbo
1205 2224 1296 2281 appo·

158 2296 241 2352 nitur
263 2294 349 2353 Asin.
376 2295 435 2354 173
459 2295 527 2369 quid
548 2313 593 2353 mc
615 2311 751 2365 arrasam·
773 2294 859 2350 Trin.
884 2293 925 2350 96
949 2295 975 2350 si
996 2292 1028 2349 id
1039 2310 1095 2350 non
1106 2309 1150 2349 me
1162 2309 1294 2352 accusas.

159 2378 294 2439 Ceterum
319 2382 596 2439 animadvertendus
619 2390 662 2438 est
688 2380 737 2437 hic
760 2398 879 2454 quoque
901 2396 989 2437 usus:
1013 2377 1099 2452 Epiri.
1128 2377 1190 2434 549
1213 2377 1294 2437 haud

159 2484 261 2525 accusa
282 2467 383 2538 pidem·
406 2460 500 2524 Merc'
518 2468 581 2524 422
606 2472 684 2525 tuam
707 2470 802 2525 antem
824 2465 961 2523 accusari
981 2463 1132 2535 fidemne.
1147 2463 1209 2519 523
1227 2481 1292 2536 ope·

159 2569 225 2612 ram
247 2555 379 2612 accusari
400 2572 456 2612 non
478 2555 571 2611 sinam
593 2571 694 2612 meam.
1081 2566 1083 2571 ·

261 2652 420 2718 incusare.
464 2653 556 2718 Truc.
589 2655 650 2719 159
683 2651 763 2734 qnia
784 2650 843 2732 qui
865 2648 1005 2714 alterum
1026 2648 1159 2713 incusat
1175 2647 1294 2729 probri

160 2775 288 2837 sumpse
309 2755 431 2819 enitere
453 2759 583 2837 oporiet.

262 2876 412 2944 arguere.
456 2861 572 2943 Amph.
605 2861 668 2926 882
701 2859 750 2925 ita
780 2878 829 2922 me
846 2855 969 2939 probri,
992 2855 1108 2938 stupri,
1132 2854 1295 2920 dedecoris

160 2981 181 3026 a
203 2960 279 3025 uim
301 2964 454 3044 arpalum
476 2982 559 3042 meo;
580 2964 621 3028 ib.
645 2964 707 3028 898
730 2983 779 3025 me
801 2960 952 3025 miseram
975 2959 1088 3042 arpuit
1108 2957 1227 3039 stupri,
1240 2958 1294 3024 de-

159 3064 296 3140 dccoris;
317 3065 432 3130 Pseud.
456 3068 518 3133 746
541 3066 652 3148 ecquid
675 3062 850 3149 arputust?
873 3100 912 3110 -
929 3061 1091 3126 malorum
1102 3059 1294 3143 facinorum

159 3168 369 3249 saepissume·
403 3171 459 3252 qui
479 3170 689 3252 interrogavit
711 3165 915 3252 (Pseudolus)
938 3169 1077 3249 arputus
1098 3184 1158 3247 pro
1182 3164 1295 3230 adiec-

160 3271 226 3336 tivo
261 3271 401 3353 intellegi
434 3273 534 3336 voluit
558 3277 766 3352 (versutuS,
791 3275 959 3350 astutus,
983 3270 1146 3350 sollers),
1171 3266 1229 3332 sed
1251 3267 1294 3332 ab

161 3393 211 3454 eo,
243 3394 340 3457 quem
373 3376 606 3459 alloquebatur,
643 3373 810 3458 (Charino)
844 3392 902 3455 pro
931 3372 1099 3454 participio
1124 3371 1295 3451 (,‚convic-

161 3477 248 3562 tus“)
272 3487 442 3562 acceptum
466 3488 516 3544 est
539 3478 605 3563 (cir.
629 3477 777 3543 Lorenzii
799 3477 872 3540 adn.
895 3476 937 3540 ad
959 3477 989 3539 h.
1013 3475 1053 3557 l).

262 3582 337 3642 Cum
361 3585 533 3645 accusativo
555 3585 690 3643 neutrius
713 3582 899 3659 pronominis
922 3580 1113 3656 coniungitur
1135 3578 1215 3639 Men.
1229 3578 1295 3636 940

161 3674 268 3742 epomet
298 3671 367 3730 haec
394 3671 440 3731 ted
462 3689 563 3746 arpuo.
610 3668 672 3730 Cfr.
695 3668 807 3745 Amph.
831 3667 893 3725 885
917 3685 989 3740 puae
1010 3684 1098 3739 neque
1120 3668 1190 3723 sunt
1209 3664 1296 3735 facta

160 3774 247 3828 neque
270 3776 318 3832 epo
339 3759 370 3816 in
391 3777 436 3818 me
459 3758 566 3817 admisi
588 3753 696 3829 arpuit.

264 3858 403 3943 captare.
448 3858 563 3940 Amph.
587 3860 646 3922 821
671 3856 700 3920 si
722 3875 770 3918 me
792 3851 1006 3935 inpudicitiai
1027 3853 1145 3930 captas.

263 3959 461 4026 insimulare.
495 3960 610 4041 Amph.
632 3960 695 4025 477
718 3954 926 4022 insimulabit
947 3973 1018 4018 eam
1034 3950 1148 4034 probri
1155 3951 1216 4027 ,·ib.
1228 3952 1292 4019 887

160 4079 263 4143 neque
295 4085 344 4128 me
371 4066 539 4147 perpetiar
558 4061 673 4145 probri
694 4061 779 4144 falso
801 4058 1044 4136 insimulatam·
1066 4055 1126 4119 llil.
1150 4055 1212 4118 364
1235 4052 1295 4135 qui

264 4255 284 4324 ¹)
304 4252 357 4307 Ofr.
376 4252 506 4308 Kuehner
523 4253 550 4306 II
569 4253 584 4322 ξ
603 4252 644 4321 86,
664 4253 679 4302 7
698 4250 761 4304 adn.
779 4250 795 4301 6
813 4249 849 4316 (p.
869 4248 919 4300 340
937 4245 994 4314 sq.).
