2842 4890
267 241 285 301 2

224 465 324 529 quam
350 445 383 508 in
414 445 483 507 aliis
512 443 599 507 libris
627 444 854 526 manuscriptis
882 443 1037 508 Plautinis
1060 445 1124 509 duo
1148 448 1160 508 i
1182 466 1280 530 saepe
1304 449 1355 512 in-

223 551 395 614 veniuntur
412 547 445 631 ¹).
490 546 730 611 Adiectivorum
761 567 848 627 vcro,
883 566 967 629 quae
1001 549 1147 614 similiter
1181 551 1353 631 cadebant,

223 653 390 734 genetivos
413 649 539 715 duobus
561 652 573 711 i
595 650 686 714 lmire
709 649 821 714 solitos
845 669 917 715 esse
941 655 1066 715 veteres
1082 653 1257 733 scriptores
1273 656 1355 717 satis

224 761 337 819 notum
371 759 433 831 est;
467 753 558 816 cuius
592 751 717 816 formae
750 759 785 815 ut
818 753 904 834 apud
926 752 1075 817 Plautum
1097 754 1219 817 nullum
1243 773 1352 820 exem-

223 859 311 939 plum
334 856 490 935 invenias,
516 872 594 919 casu
617 853 738 918 iactum
755 860 812 918 est.
834 891 875 899 -
890 854 1012 920 Deinde
1027 855 1060 918 in
1075 855 1104 916 -i
1119 863 1237 921 exeunt
1251 877 1353 938 gene

222 961 281 1024 tivi
302 958 445 1023 nonnulli
468 957 745 1022 substantivorum
767 958 881 1022 tertiae
904 957 1138 1035 declinationis,
1160 961 1352 1039 praesertim

224 1067 251 1128 si
273 1064 407 1127 nomina
429 1062 560 1144 propria
582 1069 657 1124 sunt
680 1079 719 1126 ex
742 1079 861 1140 graeca
881 1061 990 1141 lingua
1013 1061 1192 1142 desumpta.
1232 1061 1352 1128 Bacch.

224 1169 286 1233 938
319 1167 354 1228 in
381 1165 467 1226 busto
496 1162 632 1239 Astarte
664 1163 751 1245 Epid.
779 1164 820 1226 29
847 1184 938 1226 ctrina
967 1162 1189 1247 Str·otippocli;
1221 1164 1354 1231 Pers2

224 1289 393 1332 aerumnas
415 1265 549 1329 Herculi
561 1266 599 1351 2);
623 1266 702 1329 Rud.
727 1268 766 1330 86
790 1267 962 1328 Alertrnerza
986 1265 1156 1349 tricipite
1181 1267 1265 1332 Trin.
1289 1270 1354 1335 144

223 1373 394 1436 adsecutum
430 1368 601 1432 Charmidi.
648 1367 739 1449 Capi.
766 1370 829 1433 975
857 1374 901 1430 est
917 1375 1013 1450 peter
1035 1368 1231 1433 Pltilocratei
1253 1372 1353 1437 edidit

224 1475 361 1554 Schoell,
384 1473 562 1536 Philocrati
585 1472 698 1535 maluit
721 1471 817 1535 scribi
839 1470 1036 1546 Fleckeisen,
1061 1471 1255 1536 Philocratis
1273 1492 1352 1540 vero

223 1581 257 1644 in
280 1579 372 1644 codd.
395 1582 452 1642 est.
474 1611 517 1622 —
539 1576 573 1638 ln
596 1575 646 1638 his
669 1592 753 1657 quae
769 1582 949 1656 sequuntur
963 1576 1118 1657 exemplis
1134 1596 1207 1640 cum
1225 1576 1349 1644 difficile

222 1683 263 1747 sit
279 1681 464 1760 diiudicare,
481 1685 588 1743 utrum
604 1678 773 1760 genetivus
789 1695 831 1740 an
847 1678 974 1742 dativus
990 1677 1177 1764 (ablativus)
1189 1681 1355 1762 potiussit‘

221 1785 421 1862 statuendus,
445 1781 595 1846 conferas
616 1781 712 1846 velim
736 1797 820 1862 quae
842 1781 883 1846 de
906 1798 1036 1863 quoque
1059 1800 1171 1846 eorum
1195 1800 1255 1848 suo
1277 1784 1346 1849 loco

222 1888 305 1952 inira
338 1884 572 1967 disputabimus
605 1884 721 1968 (genet.
748 1883 856 1968 poss).
901 1883 991 1967 Capt.
1014 1884 1077 1949 528
1100 1885 1220 1948 sodalis
1240 1885 1349 1948 Ptito-

222 1992 304 2055 ornti
330 1996 357 2052 et
384 1995 554 2071 copiatum
586 1986 674 2069 Epid.
701 1987 744 2050 32
765 1994 957 2068 propudiosi
983 1985 1029 2049 Th
1048 1988 1073 2049 ti
1096 1986 1163 2072 (cfr.
1192 1986 1264 2052 Cas
1287 1988 1349 2054 398

226 2092 372 2157 Herculei
399 2087 595 2174 propnati3);
629 2088 726 2154 Poeu.
753 2089 817 2152 444
847 2090 901 2173 qui
930 2087 1068 2171 Sphinpr'
1088 2090 1245 2172 interpres
1262 2091 1351 2172 fuit,⁸

222 2198 301 2263 Rud.
325 2199 383 2263 tel
412 2196 442 2257 is
470 2192 612 2256 Venerist
641 2192 867 2267 odirorsorirrs;
900 2192 1015 2257 Pseud.
1039 2194 1101 2258 989
1124 2192 1347 2276 Polymachae-

220 2301 382 2384 ropiopidi
415 2318 523 2360 nomen
556 2295 673 2378 (genet.
708 2294 822 2378 defin).
866 2295 981 2359 Latina
1014 2295 1149 2360 nomina
1185 2316 1216 2358 -s
1253 2296 1350 2362 finale

221 2408 469 2486 suppresserunt
491 2400 604 2464 Pseud.
629 2399 690 2464 148
708 2398 794 2480 plebi
816 2400 928 2461 settene
938 2397 962 2483 ³)
987 2406 1018 2464 et
1036 2399 1145 2481 fraqi,
1170 2399 1257 2481 quod
1280 2418 1349 2465 sae-

220 2506 352 2590 pissime
389 2503 475 2585 apud
515 2502 663 2566 Plautum
696 2501 856 2566 invenitur
889 2501 931 2584 (v.
961 2499 1044 2565 inira
1077 2512 1181 2584 genet.
1215 2502 1347 2588 qualit).

220 2609 304 2674 Trin.
326 2607 389 2672 915
414 2604 440 2667 0
462 2611 507 2667 est
523 2605 721 2686 principium
742 2604 862 2665 rzorniui
884 2622 943 2686 pro
966 2603 1076 2668 dativo
1099 2605 1211 2668 heberi
1233 2612 1348 2686 potest.

222 2750 262 2758 -
289 2710 370 2775 Tum
397 2708 458 2772 Mil.
492 2706 555 2771 386
587 2706 805 2768 Palaestrioni
837 2708 991 2768 somnium
1021 2714 1176 2769 rurrrotrtr
1199 2706 1346 2789 formam,

220 2833 319 2898 quam
341 2812 497 2895 praebent
520 2827 633 2874 omnes
655 2808 727 2872 libri
750 2809 970 2892 manuscripti,
993 2808 1210 2873 Palaestrionr'
1232 2812 1266 2875 in
1280 2811 1347 2874 Pa-

219 2915 397 2979 laestrionis
419 2917 699 2978 commutaverunt
719 2911 859 2976 editores
875 2911 1018 2975 Dousam
1033 2914 1149 2991 secuti;
1171 2912 1349 2980 Buecheler

218 3018 334 3101 versi)
358 3037 390 3078 -s
412 3016 528 3081 omisit.
571 3014 660 3078 ldem
689 3013 757 3078 sive
779 3015 812 3077 in
834 3013 926 3078 initio
951 3032 1062 3078 versus
1085 3015 1205 3079 senarii
1227 3015 1346 3081 Bacch.

219 3124 282 3186 574
308 3119 418 3181 militis
445 3118 501 3201 ptri
527 3117 662 3178 ornicum
688 3117 791 3177 sicam
817 3117 926 3178 auexit
954 3118 992 3178 is
1015 3115 1120 3193 Same,
1145 3118 1268 3182 sivein
1291 3137 1347 3184 ex-

217 3234 321 3290 tremo
345 3220 530 3304 septenario
552 3219 668 3301 Amph.
690 3221 752 3283 411
778 3219 871 3281 Sisio
885 3218 1136 3300 ‚Amphitrrrinis
1159 3240 1228 3282 sem
1248 3238 1347 3304 gene-

217 3329 273 3392 tivi
289 3348 320 3389 -s
336 3327 362 3390 si
377 3343 444 3388 non
458 3325 492 3387 in
508 3323 689 3402 scribendo
713 3328 747 3387 at
769 3329 857 3388 certe
878 3324 913 3386 in
932 3324 1172 3405 pronuntiando
1189 3325 1345 3388 omissum

217 3449 289 3496 esse
321 3426 556 3494 animadvertit.
600 3425 746 3507 Denique
775 3425 838 3489 hoo
865 3424 1013 3489 suffixum
1042 3426 1074 3488 in
1100 3426 1346 3507 pronominibus

218 3552 422 3562 -..—-——-—.-—-

320 3600 339 3664 ²)
358 3597 413 3650 Cir.
432 3611 502 3664 quae
520 3595 555 3647 de
573 3595 625 3647 hac
643 3595 779 3648 scribendi
797 3595 904 3647 ratione
922 3594 1074 3661 disputavit
1101 3595 1192 3649 Neue
1219 3596 1347 3651 Fermen-

216 3685 291 3739 lehre
309 3683 357 3737 der
375 3684 420 3736 lut.
440 3680 559 3748 Spreohe
578 3680 590 3731 Ι
608 3696 634 3747 p.
653 3680 686 3731 85
705 3695 762 3747 sqq.
780 3678 883 3747 (Berlin
903 3680 988 3747 1811).

319 3770 340 3836 ²)
357 3764 487 3821 Nonnulli
505 3764 568 3817 libri
588 3765 767 3832 manuscripti
786 3764 830 3817 hic
848 3766 980 3832 praebent
1000 3766 1115 3821 sormam
1133 3765 1269 3821 Herculis.

319 3856 340 3920 ³)
358 3852 414 3904 Cir.
441 3849 797 3904 Schweizer·Siedler
825 3869 849 3903 u.
877 3851 1002 3904 Surber
1030 3850 1203 3905 Grammatik
1229 3852 1276 3905 der
1295 3853 1346 3905 La·

215 3940 364 3994 teinischen
387 3936 506 4004 Sprache
529 3936 544 4005 ς’
565 3936 614 3986 liti
636 3935 728 4002 (Halle
747 3937 831 4003 1888),
856 3949 883 3988 ot
901 3937 990 3989 Neue
1009 3937 1202 3989 Formenlehre
1220 3937 1233 3988 I
1251 3953 1276 4003 p.
1296 3937 1348 3989 381)

216 4026 250 4079 de
267 4023 384 4078 formula
401 4036 434 4074 es
451 4019 503 4090 lepe
516 4018 618 4087 plebive
635 4018 712 4073 scito.

317 4110 338 4177 ⁴)
355 4108 446 4161 Precis
474 4104 507 4158 do
529 4106 556 4158 la
581 4105 747 4160 declinaison
766 4105 857 4171 latine,
876 4106 946 4160 trad.
966 4122 1016 4175 per
1034 4106 1070 4159 ll.
1090 4106 1120 4159 L.
1141 4106 1230 4161 Havet
1248 4124 1274 4174 p.
1295 4108 1345 4159 101

214 4196 303 4264 (Paris
322 4195 406 4260 1815).
