2842 4890
225 270 286 334 158

179 472 264 536 tivus
286 472 489 553 possessivus
512 476 721 553 potestesse.
759 470 846 536 Pers.
868 470 932 537 624
960 469 1116 534 Lucridei
1138 490 1252 534 nomen
1278 474 1310 535 in

176 576 291 656 patria
306 573 379 654 fnit
401 573 458 658 (se.
480 572 585 657 mihi);
608 574 671 639 hoe
693 575 766 639 loco
789 573 917 638 dativus
931 573 1057 640 videtur
1072 573 1308 656 intellegendus

180 694 265 756 osse3
299 676 354 759 qui
383 695 479 741 oasus
507 678 540 740 in
569 675 725 741 similibus
751 677 906 761 exemplis
929 676 1015 759 apud
1036 676 1187 741 Plautum
1208 677 1307 760 longe
1383 675 1386 682 ’
1415 669 1417 674 ’

179 779 406 844 usitatissimus
428 788 478 846 est
490 777 525 863 ¹).

280 898 392 964 genus
435 881 533 947 Poen.
558 882 638 946 1187
671 882 728 965 qui
753 901 854 963 genus
876 881 1103 964 collectisque
1125 879 1311 958 dominum

179 1003 276 1066 quern
298 985 482 1067 genetivum
505 985 660 1051 materiae
683 1003 782 1067 quam
804 983 1002 1050 definitivum
1024 983 1180 1067 appellari
1195 986 1308 1050 maluit

178 1087 267 1152 Looh
289 1085 331 1171 (p.
353 1087 395 1171 5).
435 1088 548 1172 Neque
570 1107 645 1154 oum
667 1088 824 1170 genetivis
845 1087 1035 1172 quantitatis
1056 1107 1125 1154 non
1146 1095 1308 1171 cognatus

179 1208 251 1253 esse
272 1188 399 1254 videtur
421 1189 461 1275 (v.
483 1190 528 1254 ibi
550 1189 673 1275 genus).
707 1191 777 1255 Huc
799 1187 1003 1256 referendum
1019 1207 1138 1257 censeo
1157 1190 1247 1273 Epid.
1270 1192 1308 1256 18

178 1292 423 1376 caprigenuml)
447 1292 612 1356 bominum
639 1312 701 1355 non
721 1293 830 1374 placet
852 1291 932 1355 initi
954 1312 1054 1376 neque
1071 1292 1307 1375 pantherinnvn

177 1415 289 1478 penus.

280 1497 438 1584 prosapia.
471 1496 562 1563 Cure.
584 1498 648 1562 393
670 1498 708 1560 de
732 1496 911 1562 Cocalitnm
932 1499 1093 1582 prosapia
1116 1505 1146 1560 le
1168 1517 1232 1560 eree
1254 1520 1308 1561 ar·

179 1600 296 1679 bit-ron·
317 1601 370 1666 hio
393 1619 523 1684 quoque
544 1600 711 1682 genetivus
733 1619 793 1682 pro
816 1599 980 1667 definitivo
1002 1601 1080 1664 mihi
1098 1600 1231 1684 quidem
1248 1607 1306 1667 est.

178 1705 290 1787 Neque
312 1703 526 1769 dubitaverim
547 1702 664 1768 eodem
686 1701 806 1768 referre
1081 1711 1086 1720 '

280 1802 405 1870 donum.
449 1805 540 1870 Truo.
568 1807 632 1871 609
666 1813 724 1867 tun
759 1804 886 1868 tantilli
918 1804 997 1867 doni
1030 1824 1128 1868 cuneo
1161 1804 1307 1870 holerum

179 1914 274 1990 atque
297 1927 442 1970 escarum
464 1916 495 1969 et
512 1927 688 1988 poscor-um
711 1952 768 1969 ...
792 1905 1065 1994 tympanotribcm
1087 1927 1180 1971 amca
1202 1907 1306 1970 domi-

178 2029 258 2073 nean.
280 2046 324 2056 -
346 2009 542 2076 Coniectura
563 2009 715 2075 Schoellii
737 2016 788 2076 est

280 2112 465 2178 *damnum
497 2113 591 2179 Truo.
614 2114 674 2178 561
700 2134 777 2176 nom
793 2115 947 2180 domnum
961 2112 1039 2176 loco
1054 2111 1146 2176 broni
1163 2113 1203 2176 de
1219 2116 1306 2176 mino

177 2237 243 2280 una
268 2219 412 2281 deminui
434 2218 543 2296 mod03
566 2219 632 2281 ium
654 2217 772 2280 detor
794 2217 923 2281 obsonio
944 2214 1067 2282 habent
1087 2214 1169 2280 libri.

278 2319 405 2406 pignus.
448 2321 563 2404 Amph.
594 2320 673 2404 prol.
704 2323 745 2386 68
776 2321 811 2381 in
846 2341 943 2384 cauea
973 2323 1097 2403 pignus
1129 2320 1307 2402 capiantur

179 2432 280 2507 toque.

279 2728 433 2796 Genetivo
456 2729 642 2796 attributivo
658 2729 878 2796 subiunxerim
891 2728 1076 2816 genetimm
1094 2726 1248 2814 gerundii
1264 2729 1297 2795 et

174 2832 356 2920 gerundivi,
390 2850 488 2916 quem
520 2838 625 2898 totum
657 2852 724 2900 uno
753 2834 826 2898 looo
854 2838 1029 2898 tractatum
1058 2832 1154 2913 volui,
1189 2850 1304 2916 quam-

176 2957 274 3021 quam
297 2937 366 3002 aliis
389 2935 599 3001 substantivis
620 2936 802 3019 adscriptus
829 2935 1009 3020 (adiectivis
1031 2952 1195 3018 nusquam
1216 2933 1304 3019 apud

175 3041 327 3105 Plautum
348 3039 563 3123 subiungitur)
586 3039 649 3104 alio
672 3057 770 3105 sensu
792 3039 1001 3122 accipiendus
1022 3037 1204 3104 videbatur.

277 3140 496 3229 conpendium.
540 3141 656 3209 Pseud.
689 3142 754 3208 605
791 3141 1003 3224 conpendium
1040 3161 1095 3223 epo
1134 3151 1163 3204 te
1190 3138 1307 3217 facere

172 3248 331 3329 pultundt
353 3249 427 3310 uolo
449 3247 575 3312 videtur
597 3247 758 3312 obieotivo
781 3264 880 3311 sensu
902 3244 1006 3327 accipi
1021 3261 1119 3328 poseo
1133 3242 1202 3330 (cir.
1217 3243 1304 3308 inira

177 3351 336 3432 conpendi
351 3349 488 3435 facere).

278 3470 381 3518 nausa.
425 3453 506 3519 Men.
533 3453 595 3518 687
630 3471 731 3535 neque
765 3452 876 3533 edepol
908 3459 936 3513 te
970 3448 1174 3530 defrudandi
1205 3468 1304 3511 coneo

174 3575 280 3635 posco.
325 3554 544 3620 Geruudivum
577 3554 706 3637 ponitur
740 3552 830 3634 Capt.
858 3554 920 3618 879
952 3551 1124 3615 liberor-nm
1147 3570 1305 3634 quaeren-

91 3706 94 3709 .
178 3658 291 3720 doram
314 3677 414 3720 consa
437 3659 466 3718 ei
488 3658 581 3721 credo
606 3677 688 3719 naor
713 3656 833 3720 datast.

278 3844 298 3912 ¹)
317 3842 371 3897 Cir.
398 3843 503 3896 Becker
526 3844 553 3897 in
579 3840 758 3897 Studemundi
783 3840 859 3896 Stud.
884 3841 940 3909 Ip.
960 3841 1010 3891 170
1032 3843 1088 3893 not.
1107 3840 1130 3906 2,
1157 3837 1205 3892 ubi
1221 3843 1250 3892 et
1271 3837 1306 3891 de

177 3927 269 3984 dativo
292 3934 417 3985 accurate
434 3929 493 3997 agit
508 3935 537 3983 et
555 3929 622 3982 duos
641 3926 747 3995 profert
764 3932 905 3996 praeterea
923 3926 1021 3980 dubios
1038 3925 1177 3994 genetivus
1192 3925 1238 3992 (=
1251 3922 1307 3980 dat.

179 4016 183 4024 .
248 4016 269 4050 ἣ

176 4029 205 4067 m
224 4015 299 4164 317)
317 4098 488 4168 caprigenum
505 4098 592 4152 edidit
610 4097 707 4166 Goetz3
725 4096 922 4167 mpraaptnum,
939 4096 1012 4165 quod
1029 4100 1070 4149 est
1088 4095 1116 4148 in
1134 4093 1303 4165 &defendit

177 4185 274 4253 Ussing
296 4186 329 4254 (v.
349 4190 490 4239 comment.
509 4186 590 4252 eius).
