2842 4890
190 283 254 348 104

146 496 230 569 runt,
255 489 313 553 sed
335 488 478 571 Lipsium
500 496 632 553 secutus
656 489 773 572 Ussing
794 488 933 554 mreltam
948 488 1014 553 dici
1030 491 1173 574 scripsit,
1189 491 1278 576 idque

146 594 180 656 in
203 591 231 655 A
253 598 380 656 exstare
403 592 576 657 contendit.
620 591 698 655 illud
720 592 816 674 paulo
840 591 1010 657 obscurius
1033 599 1093 659 est.
1115 630 1157 641 —
1181 594 1277 661 Unum

147 686 308 760 invenitur
329 693 525 759 adiectivum

249 815 333 878 reus,
357 796 444 880 quod
467 816 531 862 uuo
554 798 627 862 loco
649 798 835 878 genetivum
858 797 1006 862 adscivit:
1030 796 1108 864 Cist.
1131 801 1275 883 161111

145 901 240 966 uiam
273 921 363 965 reum
396 900 466 964 eius
499 898 580 981 facti
613 900 714 964 necat
733 900 791 981 aui
812 900 879 964 siet.
926 900 1059 966 Praeter
1080 903 1147 968 hoc
1171 922 1273 970 exem·

145 1005 232 1087 plum
255 1023 275 1068 a
297 1002 459 1068 Schaeffio
483 1002 625 1068 adfertur
647 1002 690 1087 (p.
714 1003 770 1086 31)
793 1003 905 1084 fragm.
939 1002 1066 1083 Qucrol.
1079 1025 1110 1069 v.
1127 1006 1167 1070 13
1182 1004 1271 1087 furti

142 1110 217 1190 poet
237 1111 269 1171 et
288 1106 427 1189 sepulcri
448 1106 563 1171 uiolati
584 1110 632 1171 est
652 1127 728 1170 reus
739 1107 774 1191 ¹).

247 1315 401 1381 Poenae
424 1313 514 1381 notio
536 1316 686 1398 genetivo
709 1316 898 1398 exprimitur
920 1315 970 1378 his
993 1315 1092 1380 locis:

248 1417 469 1484 condemnare.
508 1418 593 1483 Most
618 1421 699 1484 1099
724 1422 816 1482 tanto
838 1418 927 1499 opud
949 1417 1087 1482 iiidicem
1110 1417 1202 1483 banc
1223 1437 1271 1484 ar·

142 1524 234 1606 penti
255 1521 469 1588 condemnabo
491 1521 634 1604 facilius.

247 1644 373 1691 manum
399 1624 529 1691 inicere.
563 1625 650 1690 Pers.
674 1626 712 1688 71
739 1622 895 1688 tantidem
918 1621 973 1687 ille
995 1622 1047 1687 illi
1068 1644 1191 1690 rursus
1212 1622 1270 1688 ini·
1327 1628 1330 1651 ¹

144 1729 211 1795 ciat
231 1747 385 1804 manum·
408 1728 500 1792 Truc.
525 1729 587 1793 162
604 1727 713 1808 postici
735 1747 789 1809 epo
812 1725 869 1789 tibi
891 1725 1028 1791 iniciam
1043 1746 1183 1793 manum
1197 1746 1270 1809 que·

143 1831 271 1912 drupli,·
303 1831 361 1895 sed
394 1831 446 1893 hic
479 1831 570 1894 locus
603 1832 636 1894 in
669 1829 757 1894 libris
789 1849 888 1894 sanus
911 1836 1062 1894 nonest:
1085 1829 1270 1914 tibiprote

142 1936 194 2000 vel
226 1934 265 1998 in
299 1938 327 1998 te
360 1935 489 2016 scripsit
511 1933 639 1999 Schoell
662 1940 694 1999 et
717 1953 756 1998 cx
779 1935 966 1999 coniectura
989 1931 1170 1998 Camerarii
1191 1952 1267 2019 qua-

143 2036 256 2119 drupli
287 2057 346 2119 pro
380 2035 575 2118 peludrupiis
598 2035 677 2121 (BD)
700 2038 751 2102 vel
772 2036 966 2117 quadrupus
988 2034 1089 2122 (CLZ)
1112 2036 1269 2120 (quaeru-

137 2141 214 2224 puli
236 2141 447 2228 Fleckeisen).

246 2244 360 2331 eapitis
383 2245 528 2332 perdere.
572 2245 660 2309 Asin.
686 2243 818 2309 1321111
842 2244 884 2309 ael
908 2248 971 2308 tres
993 2243 1093 2308 uiros.
1108 2293 1136 2308 ..
1162 2242 1271 2326 capitis

143 2354 171 2414 te
187 2349 340 2430 perdam·
363 2350 479 2414 Bacch.
501 2352 566 2415 490
588 2368 685 2432 epona
706 2353 746 2413 ut
765 2348 856 2413 illam
879 2346 1047 2412 mulierem
1068 2345 1186 2428 capitis
1206 2363 1270 2411 non

137 2453 289 2534 parduna·
311 2452 372 2517 Mil.
395 2454 455 2519 371
481 2474 573 2537 quem
591 2453 648 2534 pol
669 2473 723 2535 epo
745 2452 861 2533 capitis
877 2451 1026 2532 perdam.

245 2555 360 2641 capitis
393 2556 535 2622 comitia.
554 2557 682 2622 habere.
727 2556 840 2620 Pseud.
877 2556 959 2619 1232
989 2552 1171 2618 Pseudolus
1194 2549 1269 2617 mili
1328 2566 1330 2597 ⁵

143 2659 330 2724 contrariete
363 2658 478 2724 babuit
510 2658 625 2740 capitis
658 2659 786 2723 comitia
821 2658 874 2743 (dc
904 2659 967 2723 hoc
1000 2657 1128 2722 dicendi
1156 2673 1269 2739 genere
1328 2684 1330 2695 ·

146 2761 199 2828 cir.
222 2763 361 2844 Ussingii
385 2762 581 2847 comment).

248 2868 323 2929 Cum
357 2873 412 2928 boc
445 2869 579 2945 exemplo
612 2868 822 2928 conferendum
856 2877 900 2928 est
932 2869 1003 2928 Aul.
1041 2866 1103 2926 700
1135 2866 1182 2926 ibo
1212 2864 1270 2926 lu'm

143 2957 220 3015 intro
242 2957 292 3016 ubi
313 2957 460 3030 decapite
481 2974 542 3015 meo
564 2960 632 3014 suut
652 2957 776 3015 comitia.

248 3055 363 3142 capitis
386 3074 439 3122 res
462 3057 520 3123 est.
552 3057 636 3121 Trin.
659 3058 722 3121 962
744 3056 829 3138 quoi,
852 3056 880 3120 si
902 3054 1017 3138 capitis
1038 3053 1266 3132 1111111111-
1324 3074 1330 3149 2

144 3180 234 3225 mrem
256 3179 436 3241 numquam
459 3159 586 3225 credam
603 3159 798 3242 plumbeum.
1326 3154 1330 3233 ¹,

248 3267 404 3325 Ablativus
427 3266 473 3325 his
494 3269 568 3325 locis
591 3268 783 3342 subiungitur

246 3348 405 3415 multandi
437 3355 540 3410 verbo:
575 3353 682 3412 Pseud.
709 3353 790 3410 1228
813 3357 845 3411 at
866 3369 910 3410 me
931 3351 1033 3425 utpiull
1054 3347 1177 3408 malnis
1198 3344 1267 3405 mul-

144 3441 222 3498 tauit
251 3439 352 3510 minim
385 3439 474 3497 Truc.
508 3439 572 3497 844
603 3456 704 3498 uerum
725 3439 776 3496 boc
804 3457 852 3512 epo
886 3442 911 3496 te
939 3436 1065 3496 multabo
1088 3435 1169 3506 bolo;
1191 3431 1270 3491 Trin.

145 3525 207 3584 708
229 3525 355 3585 multabo
379 3525 449 3595 bole,
474 3526 526 3600 qui
548 3527 635 3583 locus
657 3525 775 3601 spurius
797 3527 931 3582 habetur.

246 3746 266 3813 1)
285 3746 392 3813 Fragm.
413 3743 583 3799 Cistellariac
601 3744 648 3813 qul
665 3744 689 3798 ri
708 3744 801 3797 adeum
814 3746 893 3812 atque
904 3741 1032 3811 appellem
1043 3738 1110 3793 aeoli
1122 3738 1270 3806 damnum

145 3830 217 3896 quod
242 3831 341 3884 Holtze
359 3832 372 3883 Ι
390 3847 415 3898 p.
434 3832 484 3884 338
502 3832 603 3899 attulit,
623 3847 639 3884 a
656 3829 842 3884 Studemundo
860 3829 899 3882 sic
922 3827 1078 3880 restitutum
1097 3831 1150 3878 est:
1169 3818 1272 3894 quaet

144 3914 238 3969 adeam
261 3919 339 3984 atque
361 3916 506 3986 appellem?
536 3917 609 3971 Mali
626 3917 768 3986 damnique
786 3913 924 3981 inlecebra,
942 3913 1012 3967 salae
1030 3910 1064 3980 (v.
1082 3909 1159 3963 Looh
1178 3928 1204 3980 p.
1223 3907 1271 3978 29).

607 4197 812 4204 -—-—---
