2902 4890
386 1123 686 1229 Genetivus
729 1126 1045 1255 qualitatis,

262 1371 437 1440 Genetivus
461 1395 536 1440 cum
560 1377 720 1443 adiectivo
752 1375 908 1443 attributo
925 1377 1128 1457 coniunctus,
1145 1376 1173 1440 si
1187 1374 1291 1458 qualis

154 1475 197 1540 sit
213 1479 422 1558 personaret
441 1497 495 1544 res
510 1480 672 1561 quaedam
688 1480 846 1563 exprimit,
862 1481 1069 1562 genetivus
1092 1477 1290 1562 qualitatis

157 1578 283 1658 dicitur;
306 1578 362 1662 qui
385 1599 459 1644 eum
482 1590 537 1647 aut
565 1583 753 1665 praedicato
779 1591 835 1648 aut
862 1582 1065 1648 substantivo
1090 1581 1191 1647 artius
1213 1578 1290 1644 sub·

152 1682 244 1765 iungi
266 1684 378 1765 soleat,
402 1693 459 1750 aut
480 1686 658 1768 praedicati
682 1693 738 1752 aut
760 1685 905 1751 attributi
926 1688 1034 1752 locum
1057 1691 1204 1768 occupat.

262 1784 448 1851 Ablativum
469 1788 584 1854 eodem
602 1789 700 1854 modo
715 1790 793 1871 poni
809 1796 921 1854 notum
942 1796 1005 1869 est;
1021 1787 1221 1871 quiquidem
1236 1804 1292 1851 ca-

156 1905 213 1951 sus
228 1887 315 1969 apud
330 1888 479 1954 Plautum
496 1891 597 1955 multo
613 1890 812 1974 frequentior
827 1910 926 1974 qnam
941 1892 1109 1976 genetivus
1125 1897 1182 1956 est.
1207 1890 1290 1954 Nam

159 1996 294 2073 praeter
314 1993 499 2072 genetivum
521 1993 607 2056 modi
627 2013 700 2058 eum
726 1994 972 2077 pronominibus
987 1995 1155 2059 adieetivis
1169 1993 1290 2076 quoius,

154 2095 293 2178 quoiates,
320 2097 478 2178 quotquot,
505 2095 611 2174 buitta,
639 2098 733 2159 istius
762 2099 857 2179 (tstt),
885 2098 952 2159 eius
981 2097 1190 2161 coniunctum
1218 2113 1291 2177 per·

156 2197 256 2278 pauci
293 2197 327 2260 iu
362 2196 478 2263 fabulis
518 2199 674 2263 Plautinis
707 2200 914 2265 inveniuntur
946 2200 1086 2280 genetivi
1119 2197 1291 2280 qualitatis.

154 2299 254 2365 Falso
282 2303 369 2365 enim
398 2321 472 2368 mea
501 2302 632 2386 quidem
655 2303 816 2368 sententia
838 2303 901 2367 huo
924 2301 1106 2365 referuntur
1128 2321 1148 2365 a
1170 2300 1291 2365 Lochio

158 2404 299 2486 genetivi
326 2406 423 2467 rtaaci
451 2412 483 2470 et
509 2405 615 2484 nihili,
644 2406 698 2488 qui
725 2405 824 2469 etiam
851 2411 929 2485 tum,
954 2424 1028 2468 oum
1052 2403 1196 2468 attributi
1218 2404 1291 2468 loco

162 2525 203 2572 ex
225 2507 435 2572 substantivis
458 2509 599 2590 pendere
622 2509 779 2588 videntur,
796 2526 855 2590 pro
871 2509 1028 2590 genetiuis
1043 2509 1135 2590 pretii
1150 2505 1291 2572 habendi

158 2616 249 2689 sunt;
283 2611 402 2693 quippe
435 2614 491 2695 qui
524 2614 637 2695 quanti
669 2614 741 2695 quis
773 2613 993 2678 aestimandus
1021 2612 1072 2689 sit,
1100 2611 1132 2674 id
1164 2611 1293 2692 proprie

157 2715 350 2797 exprimant.
395 2715 482 2781 idem
515 2717 556 2783 de
585 2719 734 2800 genetivo
759 2719 845 2800 preti
874 2736 950 2782 onm
977 2716 1145 2780 adiectivis
1171 2717 1291 2797 quanti,

157 2819 279 2900 magni,
310 2826 370 2884 cet.
398 2822 582 2901 coniunctO,
612 2821 707 2903 quale
731 2828 780 2885 est
803 2819 875 2885 Cas
896 2823 938 2885 98
961 2820 1056 2882 atltae
1077 2818 1164 2881 baud
1184 2819 1294 2899 maprta'

153 2923 251 3004 preti,
278 2924 515 3004 contenderim3
539 2941 623 3006 quae
647 2925 735 2988 Loch
757 2923 820 2987 huc
843 2925 920 2987 item
943 2922 1060 2987 retulit.
1091 2921 1192 2985 Aliter
1214 2939 1292 2986 vero

159 3043 195 3091 se
222 3025 321 3089 habet
338 3025 448 3107 frugi,
478 3027 533 3109 qui
556 3026 583 3089 si
605 3045 702 3090 casus
725 3026 893 3106 genetivus
916 3031 974 3104 est,
998 3024 1081 3088 siout
1104 3023 1183 3086 mihi
1204 3023 1293 3088 vide

158 3135 221 3209 tur,
246 3128 330 3194 inter
362 3130 531 3209 genetivus
565 3129 729 3211 qualitatis
762 3128 831 3193 iuro
865 3134 1054 3191 numeratur
1088 3127 1186 3190 etiam
1213 3133 1291 3208 tum,

163 3252 239 3298 oum
255 3232 412 3297 omissum
428 3239 478 3298 est
493 3233 590 3295 bonae
606 3233 814 3311 adieetivum3
835 3248 1035 3313 quamquam
1047 3231 1080 3293 in
1091 3231 1199 3311 prisca
1211 3231 1294 3293 siout

160 3336 195 3401 in
227 3353 328 3400 aurea
353 3336 513 3399 latinitate
543 3335 738 3400 adiectivnm
760 3335 909 3415 genetivo
940 3325 1104 3414 qualitatis
1132 3332 1206 3396 addi
1239 3351 1293 3396 so-

162 3440 207 3506 let
221 3437 255 3523 1).
284 3439 433 3521 Namque
460 3438 513 3501 alii
544 3456 673 3519 quoque
703 3456 800 3501 rasus
830 3437 925 3500 huius
953 3436 1043 3499 vocis
1069 3453 1226 3518 persaepe
1248 3436 1294 3499 ita

164 3547 371 3624 usurpantur,
399 3547 435 3605 ut
462 3541 566 3624 qualis
589 3541 662 3622 quis
684 3541 734 3617 sit,
757 3541 796 3602 iis
819 3540 1024 3620 exprimatur.
1068 3538 1141 3618 Qua
1161 3539 1296 3603 notione

161 3646 204 3708 ad
231 3664 306 3709 cum
333 3645 522 3709 aoousutivo
544 3643 680 3726 frugem
706 3643 791 3724 apud
818 3642 967 3705 Plautum
994 3641 1155 3705 invenitur
1176 3641 1294 3707 Bacch.

165 3750 248 3814 1085
270 3748 381 3829 ecqrttd
403 3768 472 3809 eum
493 3747 538 3809 ad
559 3749 708 3809 uirtutem
730 3753 787 3807 out
810 3746 853 3808 ad
869 3746 1004 3827 fraqam
1026 3765 1121 3826 opera
1143 3765 1203 3807 sata
1224 3765 1295 3807 oon·

159 3850 402 3934 pulerit;T1in.
429 3851 488 3914 118
512 3852 590 3932 quio
612 3852 656 3914 od
671 3852 807 3934 fraqam
829 3847 996 3930 remigis?

267 4060 288 4126 ¹)
315 4057 479 4112 Posterioris
506 4056 576 4109 enim
605 4058 705 4110 aetatis
732 4066 796 4108 sunt
823 4069 893 4122 quae
920 4052 1023 4107 adferri
1050 4052 1137 4107 solent
1159 4053 1295 4120 exempla:

164 4144 241 4200 horno
267 4144 356 4197 iaetus
382 4147 408 4197 et
432 4158 539 4196 morum
557 4144 638 4210 Apul.
666 4142 737 4210 apol.
762 4158 821 4210 cap.
846 4144 886 4212 75,
906 4148 934 4195 et
951 4141 1027 4194 bomo
1045 4140 1202 4194 litteratam
1219 4143 1296 4209 Syrn-

169 4231 255 4285 mach.
275 4231 298 4300 1,
318 4232 349 4282 72
367 4230 427 4298 (cir.
447 4231 569 4297 Draeger
587 4230 603 4299 ξ
624 4231 681 4296 200,
700 4231 734 4296 5).
