2842 4890
188 268 231 333 34

145 474 249 538 sativo
262 472 287 556 1)
320 472 464 538 neutrius
494 472 621 554 generis
647 474 763 555 posita,
796 474 1073 539 substantivorum
1101 474 1272 539 simillima.

144 576 238 658 Apud
259 575 408 640 Plautum
430 575 512 640 baec
533 575 753 641 inveniuntur:
783 582 983 659 quantum,
1005 578 1272 660 quantumvis,

143 678 389 762 quantillum,
419 677 676 761 aliquantum,
703 685 869 759 tantum,
896 679 1109 761 tantulum,
1133 679 1274 744 tantil-

144 782 232 860 lum,
258 780 502 860 tantundem,
529 777 726 864 (multum),
755 781 853 863 plus
882 782 1068 864 amplius,
1096 781 1271 863 nimium,

145 883 354 964 dimidium,
381 883 554 965 paulum,
577 883 788 964 paululum,
816 884 952 950 minus.
996 883 1120 964 Quibus
1146 884 1269 953 adden·

143 988 220 1052 dum
243 993 293 1052 cst
312 985 551 1051 substantivum
573 985 682 1049 nihil.

247 1090 400 1174 quantun
420 1107 495 1154 cum
517 1087 667 1170 genetivo
688 1088 898 1154 coniunctum
919 1088 1039 1170 duplici
1053 1107 1154 1155 sensu
1169 1089 1273 1172 accipi

145 1200 267 1276 potest:
290 1200 346 1258 aut
368 1199 493 1275 partem
515 1192 614 1257 totius
637 1191 779 1274 aliquam
799 1191 969 1274 significat,
992 1198 1050 1256 aut
1070 1193 1178 1274 ipsum
1197 1192 1273 1257 illud

144 1303 258 1378 totum,
285 1296 378 1361 caius
408 1295 444 1360 fit
470 1295 600 1376 mentio,
632 1301 930 1378 quantumcumque
952 1301 1011 1374 est,
1038 1304 1074 1359 ut
1096 1295 1183 1359 idem
1204 1293 1271 1360 fere

144 1401 250 1465 valeat
276 1406 374 1484 atque
403 1397 562 1480 quidquid
591 1418 664 1463 cum
695 1399 855 1480 genetiva
876 1399 945 1464 sive
966 1401 1131 1480 quotquot.
1176 1398 1269 1464 Prior

136 1504 196 1568 <illa
219 1503 409 1586 significatio
429 1502 463 1566 in
485 1503 536 1566 his
557 1502 713 1583 exemplis
735 1501 829 1566 inest:
852 1501 969 1566 Bacch.
991 1502 1055 1567 352
1070 1501 1120 1566 a'ta
1141 1501 1211 1580 teci,
1235 1506 1274 1567 ut

143 1606 222 1672 uun'
250 1609 412 1688 quantum
441 1603 540 1669 uellet
568 1607 721 1680 utmorem
752 1603 813 1668 Mil.
839 1606 918 1670 1061
942 1602 1084 1682 dabitur,
1107 1609 1271 1686 quantum

143 1711 235 1792 ipsus
251 1709 340 1791 prati
358 1711 480 1790 poscct;
501 1707 601 1772 Poen.
624 1708 688 1771 ‘225
711 1725 812 1790 apaqe
831 1706 896 1770 sis:
917 1706 1026 1790 nepoti
1046 1711 1211 1789 quantum
1232 1708 1271 1772 lu

142 1813 278 1878 muliare
305 1815 426 1887 anast5
457 1809 538 1876 Men.
564 1812 625 1876 911
657 1828 726 1874 uon
749 1813 787 1874 tu
805 1808 877 1887 scis,
900 1814 1063 1891 quantum
1086 1809 1142 1874 icti
1164 1810 1269 1875 multo

142 1935 234 1980 nunc
264 1918 319 1980 tuo
345 1913 450 1996 tactas
479 1911 577 1988 mala}
610 1911 702 1978 Cure.
729 1912 793 1976 372
819 1915 984 1993 quantum
1013 1913 1100 1977 aeris
1122 1912 1205 1977 mihi
1224 1913 1270 1978 sit

141 2021 366 2100 quantumque
388 2014 491 2081 client
510 2014 590 2091 sict‚·
611 2014 706 2084 Mero.
720 2016 784 2080 476
798 2018 962 2096 quantum
977 2014 1141 2081 mularum
1156 2036 1268 2081 uerum

101 2101 107 2114 ⁸
142 2120 329 2186 sustineam.
353 2157 394 2169 -
416 2118 561 2184 Alterum
582 2137 681 2202 quem
702 2118 841 2182 diximus
864 2119 939 2183 huic
960 2120 1198 2185 constructioni
1219 2121 1269 2185 in-

143 2244 215 2291 esse
237 2243 368 2290 sensum
389 2223 472 2288 haec
494 2222 641 2304 exempla
664 2221 834 2303 praebent:
857 2222 954 2288 Pocn.
969 2223 1033 2286 432
1048 2241 1151 2303 noque
1164 2242 1269 2304 quau·

144 2332 211 2392 tanus
239 2325 373 2408 aquaist
382 2326 408 2410 2)
437 2325 476 2389 in
504 2324 612 2402 muri„
632 2323 720 2409 (433)
749 2343 853 2406 neque
874 2323 1010 2410 nubis³)
1033 2324 1139 2389 omnis
1161 2344 1267 2406 quau·

143 2433 252 2506 transt,
285 2428 373 2514 (434)
402 2447 506 2510 neque
533 2426 642 2492 stellae
670 2427 706 2494 in
738 2427 823 2495 caclo
853 2427 964 2509 (nulus
992 2447 1070 2494 vero
1099 2435 1131 2494 et
1158 2427 1268 2494 stellam

142 2533 358 2598 nominativus
385 2530 456 2616 est).
501 2531 596 2596 llere.
623 2533 686 2597 663
709 2549 908 2615 praeconum
937 2530 1044 2595 trabere
1073 2535 1268 2612 quantumst

141 2635 326 2711 condumam
357 2634 419 2698 Mil
448 2635 510 2698 278
540 2652 581 2697 na
610 2632 712 2697 berete
741 2632 833 2697 hodic
862 2638 1024 2715 quantum
1046 2633 1098 2697 lu'c
1120 2633 1267 2715 familia-

140 2738 309 2822 riumst⁴);
331 2737 428 2802 Poen.
450 2739 510 2801 431
535 2739 698 2817 quautam
720 2736 953 2802 Acaheruntcat
966 2742 1176 2802 mortuorum.
1200 2736 1267 2801 -His

141 2842 420 2908 adnumerandum
442 2859 515 2906 esse
537 2840 663 2905 videtur
684 2841 781 2906 etiam
803 2842 866 2907 hoc
890 2843 1091 2923 exemplum:
1117 2839 1179 2905 llil.
1202 2843 1265 2906 493

141 2949 244 3009 metuo
271 2942 363 3008 illaec
390 2940 471 3007 miln‘
497 2962 550 3005 res
574 2961 617 3006 ua
638 2942 722 3007 malo
744 2961 861 3026 maquo
882 2943 967 3025 tuat,
991 2946 1153 3024 quantum
1176 2942 1264 3008 bunc

137 3046 260 3112 ‚audiui
280 3045 386 3129 facere
407 3043 579 3110 uerborum
600 3063 725 3121 sonam·
756 3047 811 3110 ubi
832 3050 994 3128 quantum
1017 3065 1092 3111 cum
1115 3046 1264 3129 genetivo

141 3152 351 3216 coniunctum
379 3150 495 3216 eodem
524 3168 621 3214 sensu
648 3157 820 3232 usurpatur
848 3169 888 3214 ac
917 3151 985 3215 sine
1007 3149 1155 3229 genetivo
1179 3149 1263 3212 Tria.

142 3258 204 3322 165
225 3258 388 3336 quautam
409 3252 497 3318 buna
519 3253 638 3318 audiui
660 3252 748 3335 loqui
771 3253 875 3339 (cuius
898 3254 1015 3320 similia
1037 3274 1064 3317 v.
1085 3254 1208 3318 Lorenz
1223 3251 1266 3317 ad

140 3360 201 3424 Mil.
228 3358 314 3444 470).
338 3358 574 3424 —Praeterea
603 3358 630 3421 si
657 3359 824 3440 genetivus
857 3359 1026 3441 partitivus
1060 3357 1113 3439 qui
1146 3356 1264 3438 pendet

135 3482 180 3528 >cx
203 3462 406 3551 superlativo,
433 3462 485 3526 cui
508 3462 695 3526 adiunctum
717 3467 766 3526 est
788 3463 959 3542 quantum,
984 3460 1111 3524 adhoc
1134 3477 1265 3543 quoque

140 3565 334 3631 vocabulum
362 3563 507 3643 velemur,
538 3565 601 3629 huc
629 3565 740 3629 omnia
768 3564 925 3629 eiusmodi
948 3564 1094 3645 exempla
1117 3562 1266 3628 addenda

140 3674 224 3746 sunt,
247 3685 332 3750 quac
354 3665 435 3732 infra
458 3667 517 3731 sub
541 3668 736 3751 superlativo
757 3668 1029 3735 enumerabimus.

140 3809 345 3821 W

241 3860 261 3924 1)
279 3857 320 3909 De
338 3855 435 3908 Pseud.
453 3855 519 3907 1192
537 3853 667 3923 quantillo
684 3855 791 3924 arpenti
810 3855 871 3908 vide
888 3853 1058 3923 quantillum.

241 3943 261 4011 ²)
278 3941 389 4009 aquaist
410 3941 464 3994 def.
488 3941 646 3994 Lachmann
671 3943 699 3994 in
723 3942 798 3994 Lucr.
824 3959 850 4008 p.
874 3942 938 4004 195;
965 3942 1124 4009 aquarumst
1151 3939 1266 3994 Mueller

139 4027 214 4080 Pras.
231 4027 271 4080 Pl.
289 4044 315 4094 p.
334 4027 396 4096 51e·;
414 4029 510 4097 aquast
527 4029 559 4092 A,
577 4042 660 4095 aquae
677 4029 716 4080 est
733 4027 763 4096 B,
781 4029 821 4080 eat
837 4042 907 4095 aqua
925 4027 1030 4094 reliqui.

242 4114 263 4178 ³)
279 4111 360 4166 nubta
377 4112 407 4165 iu
427 4116 459 4181 A,
477 4111 558 4165 nubes
576 4127 664 4165 omues
683 4114 712 4166 B.

241 4200 262 4266 ⁴)
277 4196 452 4266 familiarum
469 4197 540 4250 BCD
558 4215 582 4252 v.
601 4212 683 4265 supra
700 4198 734 4251 dc
753 4197 813 4251 suff.
832 4214 890 4251 -um
909 4203 936 4251 et
953 4197 1031 4250 -tum
