2842 4890
226 1041 295 1139 Dc
335 1034 518 1136 formis
557 1032 797 1160 genetivi
835 1032 1115 1136 Plautinis,

216 1305 329 1370 Sermo
351 1302 457 1366 Plauti
478 1319 544 1365 non
567 1301 673 1365 solum
695 1301 889 1384 syntactica,
913 1319 1027 1367 verum
1049 1302 1146 1367 etiam
1170 1307 1239 1383 ety-

116 1407 276 1488 mologica
300 1405 425 1471 ratione
446 1403 533 1467 haud
556 1403 602 1467 ita
623 1421 699 1468 raro
727 1403 769 1467 ab
792 1422 833 1468 ea
855 1403 982 1469 dicendi
1004 1403 1239 1470 consuetudine

115 1510 226 1588 differt,
248 1525 331 1591 quae
353 1512 424 1572 erat
445 1506 640 1587 scriptorum
654 1507 829 1571 latinorum
845 1525 964 1572 aureae
979 1508 1104 1572 aetatis
1131 1506 1239 1586 Quare

58 1600 61 1605 ’
105 1629 232 1694 operae
264 1628 337 1675 esse
370 1608 509 1689 pretium
541 1607 619 1671 mihi
649 1608 754 1672 visum
776 1615 835 1689 est,
858 1610 1047 1692 priusquam
1068 1610 1111 1674 ad
1132 1610 1238 1690 ipsum

113 1733 208 1778 usum
235 1712 454 1796 syntecticum
484 1711 712 1793 exponendum
734 1711 936 1793 accederem,
964 1712 1120 1777 nonnulla
1141 1713 1240 1777 etiam

115 1814 292 1881 deformis
322 1814 462 1896 genetivi
487 1813 645 1878 Plautinis
673 1813 841 1896 disserere,
874 1821 973 1897 atque
1002 1815 1035 1878 id
1063 1834 1102 1880 eo
1136 1815 1240 1897 magis

114 1919 200 2002 quod
228 1935 270 1984 ne
297 1918 331 1981 in
363 1917 427 1981 hac
461 1916 592 1999 quidem
625 1917 817 1999 quaestione
850 1918 1031 2001 syntectica
1063 1917 1240 1983 formarum

111 2021 273 2086 rationem
309 2025 413 2085 totam
449 2020 585 2101 neglexi.
640 2019 752 2101 ltaque
785 2037 827 2084 ne
863 2020 941 2102 quid
973 2022 1240 2101 praetermittam,

113 2122 230 2188 suffixa
261 2123 402 2205 genetivi
429 2140 526 2186 casus
560 2139 645 2204 quae
678 2121 764 2203 apud
802 2121 953 2185 Plautum
988 2123 1098 2186 inveni
1131 2124 1242 2188 omnia

115 2224 314 2291 enumerabo
353 2231 452 2308 atque
491 2223 608 2308 quibus
646 2224 798 2307 quodque
835 2223 989 2305 stirpibus
1022 2225 1063 2288 sit
1096 2225 1241 2289 additum

115 2347 286 2412 exponam.

217 2429 255 2511 -i,
277 2429 365 2513 quod
379 2429 527 2494 suffixum
543 2429 683 2510 genetivi
698 2429 867 2511 singularis
883 2430 969 2512 apud
984 2429 1134 2494 Plautum
1147 2431 1243 2512 longe

113 2532 360 2598 usitatissimum
393 2539 452 2607 est,
485 2538 614 2614 praeter
647 2532 765 2612 stirpes
787 2550 872 2614 quae
895 2534 929 2596 in
950 2553 984 2596 -o
1006 2539 1124 2598 exeunt
1146 2533 1244 2597 adsu-

114 2641 207 2699 munt
228 2654 268 2700 ea
290 2653 420 2718 quoque
442 2633 646 2698 substantiva
668 2640 804 2717 quartae
828 2636 1062 2716 declinationis,
1084 2653 1168 2718 quae
1183 2655 1243 2701 no-

114 2738 306 2802 minativum
328 2738 362 2801 in
383 2757 438 2800 -us
459 2735 635 2820 proferunt.
668 2737 738 2801 Aul.
754 2738 815 2802 722
839 2744 961 2800 tuntum
982 2738 1104 2820 perciti,
1126 2738 1243 2803 Pseud.

115 2842 178 2905 608
200 2847 392 2923 procurator
408 2841 502 2922 peui;
534 2838 621 2903 Trin.
650 2840 713 2903 254
735 2845 878 2922 raptores
894 2841 994 2923 ponis
1016 2846 1045 2902 ei
1061 2842 1154 2922 perii;
1186 2841 1245 2906 sed

115 2943 211 3007 huius
244 2942 438 3007 substantivi
469 2943 523 3006 alii
551 2960 682 3025 quoque
710 2960 806 3006 casus
840 2944 882 3006 ad
904 2943 1146 3008 similitudinem
1168 2943 1245 3009 sub·

118 3046 332 3110 stantivorum
359 3045 523 3111 secundae
545 3045 771 3110 declinationis
803 3045 993 3111 formantur.
1036 3047 1107 3111 Aul.
1136 3047 1177 3112 83
1198 3048 1246 3110 nii

118 3154 162 3210 est
183 3149 320 3232 φιαθθίὸ,ι
341 3147 434 3213 Most.
458 3150 554 3228 11073
572 3147 663 3245 J'ers.
678 3150 720 3214 66
735 3149 787 3211 aui
801 3151 924 3232 quaesti
938 3169 1036 3212 causa
1044 3170 1056 3224 ,·
1077 3149 1175 3214 Poen.
1191 3152 1246 3231 95;

118 3251 190 3317 Cas.
211 3253 275 3318 536
297 3253 400 3314 senati
420 3253 575 3327 colurnam
597 3251 776 3332 Epid.189;
800 3250 871 3317 Cas.
886 3252 952 3317 425
966 3253 1084 3334 sumpti
1093 3252 1246 3334 fecerim,

116 3354 203 3419 Trin.
227 3357 301 3435 2503
330 3353 402 3420 Cas,
424 3353 487 3421 649
510 3355 588 3438 quid
610 3355 753 3430 tumulii;
775 3354 875 3420 Poen.
896 3356 974 3435 aba
1001 3355 1091 3437 Capi.
1114 3355 1176 3420 855
1199 3355 1247 3417 tut

118 3457 285 3520 cottidiani
308 3458 387 3520 uicti
411 3465 561 3520 uentrem.
593 3494 634 3503 -
666 3455 850 3522 Contractis
879 3457 1005 3522 duobus
1027 3457 1040 3519 i
1061 3458 1245 3539 genetivum

117 3563 152 3626 in
179 3562 206 3623 -i
235 3560 402 3644 proferunt
429 3580 468 3627 ea
495 3580 626 3644 quoque
659 3561 873 3641 substantiva,
909 3578 1048 3643 quorum
1075 3561 1192 3643 stirpes
1214 3562 1248 3625 in

118 3666 165 3728 -io
188 3671 315 3747 exeunt,
338 3665 413 3730 licet
435 3683 474 3730 ex
495 3683 614 3747 graeco
634 3683 785 3730 sermone
806 3669 937 3747 sumpta
951 3663 1024 3743 sint,
1040 3663 1126 3728 velut
1149 3663 1247 3729 Stich.

119 3767 183 3834 305
198 3769 296 3850 sacta
322 3766 485 3852 Talrlpbu
506 3768 625 3833 Bacch.
647 3768 709 3833 427
732 3769 880 3851 pyrenaei
895 3766 1060 3849 praefecto
1072 3764 1111 3850 1);
1136 3786 1248 3848 quam-

221 3939 241 4006 1)
269 3937 366 4004 Itaque
390 3936 471 3991 lectio
496 3937 596 3990 codicis
620 3939 644 3990 A
668 3936 725 3990 Mil.
752 3937 801 3988 211
824 3951 889 3989 uum
912 3934 969 3988 iilic
996 3937 1036 3988 est
1058 3933 1249 3990 Philocomoeii

118 4025 207 4076 citatos
232 4023 321 4076 minus
345 4022 436 4090 placet
457 4038 537 4090 qrram
564 4020 769 4091 Philocomasio,
798 4020 869 4088 quod
888 4023 916 4074 in
934 4021 1031 4074 ceteris
1050 4027 1099 4073 est.
1136 4020 1173 4074 Et
1191 4021 1249 4074 Mil.

119 4110 187 4163 1431
205 4107 400 4163 Philocomasio
417 4111 524 4162 amator
543 4107 665 4161 dativum
682 4108 796 4175 praebet
814 4107 896 4160 etiam
916 4109 947 4161 A.
