2842 4890
1192 245 1234 310 99

249 443 405 510 sermonis
421 445 515 528 falli.
558 445 645 529 Epid.
668 446 731 510 239
753 467 809 508 000
831 449 911 511 satis
932 450 1121 514 mareotidam
1144 473 1199 516 000
1210 474 1277 516 ser-

139 549 246 613 mam's
262 548 409 631 fallebar
430 557 534 612 tamea
556 570 636 632 qaae
658 551 873 634 100000001οη
895 551 951 616 ubi
973 555 1080 622 minus
1102 558 1278 626 verisimile

141 659 204 735 est,
237 653 425 736 partitivum
458 671 531 718 esse
559 654 745 735 genetivum
778 672 817 718 ex
847 676 927 739 0000
948 658 1153 742 pendentem,
1177 681 1277 745 quam

143 757 331 840 genetivum
352 763 520 840 respectus
543 776 617 821 cum
634 757 780 840 fallebar
802 759 1072 842 coniungendam.

247 894 358 942 rerum
391 895 431 944 ex
461 878 584 940 eredere
617 878 737 960 pendet
768 877 857 943 Asin.
889 881 953 945 419
980 889 1167 960 suscenseat,
1191 887 1279 967 qacii

146 981 285 1044 amrium
306 1001 411 1043 reram
433 981 522 1063 ipsus
544 1001 663 1063 semper
684 981 911 1057 0000101000.
935 985 996 1048 307
1020 1006 1193 1070 0101000000
1210 987 1278 1050 0010-

137 1083 197 1167 pol
227 1082 308 1146 milti
340 1084 507 1167 qaisquam
538 1083 625 1146 bomo
658 1085 801 1147 mortalis
828 1092 901 1167 post
929 1085 988 1149 1000
1010 1087 1149 1151 daaram
1171 1110 1279 1153 reram

141 1185 277 1262 creauit,
310 1186 346 1248 ai
372 1193 431 1251 cet.
475 1184 682 1268 Quamquam
705 1186 843 1248 dirarum
865 1208 980 1264 rerum,
1005 1190 1093 1272 quod
1114 1191 1148 1255 in
1171 1193 1278 1257 omni-

139 1287 205 1354 bus
228 1287 395 1353 codicibus
417 1288 588 1369 invenitur,
601 1288 709 1352 multis
722 1289 891 1372 displicuit.
925 1291 1036 1374 ltaque
1054 1291 1183 1358 Schoell
1197 1295 1277 1359 daa-

140 1411 217 1455 ram
238 1410 389 1454 nuceram
412 1389 522 1470 edidit;
546 1391 633 1473 quod
656 1391 732 1474 quia
755 1392 841 1473 apud
862 1391 1012 1457 Plautum
1026 1395 1101 1458 alibi
1114 1415 1277 1479 nusquam

139 1495 302 1575 invenias,
337 1494 440 1576 magis
474 1493 551 1557 mihi
584 1494 704 1559 arridet
736 1496 898 1578 scriptura
926 1495 1067 1580 Ussingii
1088 1499 1277 1562 diuinarum

140 1619 261 1676 reram,
296 1598 383 1682 quod
417 1604 448 1662 et
480 1597 612 1680 propius
646 1598 688 1660 ad
721 1597 876 1662 librorum
898 1600 1072 1666 lectionem
1095 1602 1223 1667 accedit
1245 1609 1278 1668 et

142 1721 221 1768 cum
242 1700 391 1764 Plautino
413 1700 567 1782 loquendi
588 1718 708 1782 genere
730 1700 813 1765 bene
837 1703 979 1766 concinit
1002 1702 1070 1788 (cir.
1092 1705 1207 1781 diuini,
1220 1703 1278 1768 10-

141 1805 233 1868 mami
266 1803 403 1881 credere;
435 1803 625 1865 diaimaram
659 1810 768 1869 autem
802 1803 928 1869 duabus
957 1806 1068 1888 primis
1091 1807 1222 1892 syllabis
1244 1808 1278 1873 in

142 1926 245 1974 unam
280 1907 455 1972 contractis
488 1906 665 1970 dinanum
689 1907 963 1989 pronuntiandum
987 1928 1059 1976 esse
1083 1917 1193 1978 monet
1216 1913 1278 1979 Us-

143 2013 220 2094 sing
252 2009 321 2095 (cfr.
354 2009 423 2074 eius
453 2006 577 2090 Proleg.
601 2030 631 2091 p.
653 2010 717 2074 214
740 2010 880 2089 „ditiae“
904 2029 962 2095 pro
986 2012 1170 2096 „divitiae“,
1195 2013 1278 2101 cet.);

142 2115 244 2198 idque
266 2112 395 2195 scripsit
417 2112 491 2176 Leo.

248 2234 399 2316 indigere.
436 2231 513 2298 Cist.
535 2233 577 2297 29
600 2238 709 2294 mostra
732 2232 821 2314 eopia
845 2232 1136 2298 011011001001000
1155 2243 1278 2318 potesse

140 2338 255 2421 saiqae
276 2338 415 2400 ommium
437 2357 544 2398 reram
566 2356 622 2398 mos
644 2335 802 2418 10110000,Ι
824 2343 873 2400 001
897 2337 984 2400 enim
1011 2339 1148 2400 ommam
1171 2358 1278 2401 reram

140 2442 231 2508 idem
252 2439 319 2505 iere
342 2445 440 2522 atque
463 2440 517 2521 „in
541 2437 692 2503 omnibus
715 2437 832 2503 rebus“
855 2437 910 2524 (de
931 2447 1035 2521 genet.
1058 2443 1111 2504 sai
1125 2463 1152 2507 v.
1169 2450 1275 2525 genet.

142 2544 274 2627 inopiae
296 2542 465 2626 indigere).
624 2623 627 2630 Ι

242 2663 426 2748 falsilocas.
471 2661 560 2747 Capt.
585 2663 649 2729 264
670 2683 746 2725 mam
768 2669 942 2746 0000100000
964 2685 1003 2728 em
1025 2671 1053 2727 10
1075 2666 1142 2728 0010
1165 2666 1278 2729 scitari

143 2769 225 2846 0010,
249 2787 384 2851 quaram
404 2786 511 2829 reram
533 2773 561 2828 10
578 2765 769 2848 falsilocum
790 2764 868 2827 00111
891 2786 955 2829 esse
976 2768 1056 2831 0010.

249 2869 334 2934 liber.
378 2870 493 2951 Amph.
525 2869 604 2952 prol.
641 2869 700 2934 105
733 2889 826 2952 qaam
860 2868 939 2931 10100·
970 2869 1084 2932 baram
1116 2891 1223 2932 reram
1250 2877 1278 2932 01

143 2975 317 3037 mattarum
349 2973 416 3050 siet,
451 2973 538 3055 quod
571 2971 684 3036 habita
714 2978 841 3036 ratione
874 2972 998 3055 primae
1032 2974 1184 3055 notionis,
1213 2993 1278 3056 qua

146 3097 221 3142 cum
243 3075 344 3141 verbo
367 3075 448 3138 10101
471 3076 625 3141 cohaeret
646 3076 709 3140 hoc
732 3075 937 3155 adiectivum,
961 3095 1059 3159 supra
1069 3077 1154 3142 inter
1166 3096 1277 3143 exem-

145 3183 199 3265 pla
221 3181 362 3264 genetivi
383 3181 513 3263 inopiae
534 3181 638 3263 posui,
662 3179 773 3244 nescio
795 3198 837 3243 an
860 3180 923 3244 huc
946 3181 1054 3262 potius
1077 3181 1118 3244 sit
1134 3181 1277 3247 releren-

147 3286 224 3351 dum
247 3284 376 3366 (baram
397 3304 504 3346 reram
525 3309 568 3340 =
591 3284 644 3363 „in
660 3284 710 3347 his
725 3283 858 3362 rebus“;
874 3282 928 3347 cfr.
944 3283 1018 3347 Brix
1034 3282 1277 3369 0111001264).

251 3405 400 3466 Genetivo
422 3405 603 3465 'simillimus
634 3416 678 3464 est
708 3407 864 3478 ablativus,
887 3408 939 3481 qui
968 3414 1012 3464 est
1035 3407 1106 3466 Cist.
1132 3407 1173 3465 58
1196 3407 1277 3466 10100

147 3496 182 3554 01
205 3497 313 3565 animo,
336 3494 415 3553 10100
438 3494 474 3552 01
497 3494 595 3563 ecelis,
620 3493 702 3552 010100
724 3494 760 3552 01
783 3493 975 3566 0000101100
998 3495 1103 3551 tertius
1115 3513 1186 3552 vero
1198 3494 1276 3551 abla-

147 3583 227 3641 tivus
250 3600 356 3640 causae
378 3589 430 3638 est.
464 3577 559 3638 Simili
581 3579 669 3637 modo
691 3579 861 3655 iunguntur
882 3580 1002 3637 ablativi
1025 3579 1111 3656 Gapt.
1128 3579 1278 3638 sassam

147 3669 206 3726 iam
229 3667 308 3726 delei
329 3685 365 3725 000
387 3668 483 3725 anime
506 3669 533 3724 01
555 3682 641 3737 cara,·
672 3665 763 3723 True.
787 3665 849 3722 833
874 3669 967 3723 100000
989 3666 1025 3724 01
1047 3666 1157 3740 ingenio
1179 3668 1276 3738 impro-

149 3754 226 3825 bast3
259 3752 346 3828 Epid.
383 3751 443 3810 129
473 3750 510 3809 01
532 3753 629 3810 amima
651 3768 735 3822 aeger
756 3751 810 3824 sai.
855 3751 968 3808 Eodem
992 3752 1141 3828 pertinere
1161 3751 1278 3809 videtur

148 3839 233 3916 Epid.
270 3839 331 3897 526
365 3838 439 3913 qaod
461 3839 628 3896 miserescat
648 3840 737 3896 miser
762 3856 798 3896 erc
819 3839 924 3906 arima,
949 3837 1010 3895 sive
1034 3839 1071 3895 ad
1093 3840 1191 3907 miser,
1215 3837 1277 3894 sive
1360 3908 1362 3911 Ι

150 3927 184 3983 sd
206 3927 374 3986 miserescat
393 3922 522 3982 refertur
545 3923 700 3983 ablativus.
