2842 4890
180 248 229 312 60

142 452 187 517 De
217 451 308 517 Most.
339 452 380 516 62
405 470 587 532 paucorum
618 469 764 516 mensum
789 456 871 516 secut
899 450 1030 516 relictae
1060 449 1219 532 reliquiae
1246 471 1274 514 v.

142 555 201 620 sub
225 555 375 637 genetivo
399 555 570 636 qualitatis.
670 541 671 548 ἵ

243 674 345 742 parua
367 674 431 722 ros.
475 656 590 739 Amph.
614 658 677 722 633
700 656 789 721 satin
800 676 915 738 parua
932 677 983 721 res
998 660 1045 720 est
1063 654 1270 737 ctoluptatum

140 758 179 823 iu
202 758 275 823 nita
297 763 393 840 atque
415 757 454 822 in
476 762 580 823 aetate
604 758 747 841 apuuala,
765 779 946 842 praequam
962 759 1047 841 quod
1062 758 1274 838 molestnmst,·

142 881 192 925 res
214 860 424 943 uoluptatum
447 880 467 926 a
488 862 613 927 Mureto
637 882 710 927 cum
734 881 852 944 graeco
874 867 909 929 cl
934 868 1039 949 χρῆμα
1061 869 1127 930 τῶν
1146 863 1289 948 ἡδονῶν»

141 971 359 1047 comparatur,
395 965 487 1047 quasi
510 984 569 1046 pro
592 963 771 1045 voluptates
794 966 915 1031 dictum
938 967 987 1046 sit,
1023 965 1202 1048 eademque
1225 971 1273 1030 est

141 1069 301 1133 sententie
333 1068 450 1133 Holtzii
477 1067 520 1152 (p.
545 1066 588 1152 7),
620 1068 731 1133 Lochii
759 1069 800 1151 (p.
822 1068 866 1150 4),
897 1068 1037 1133 Sohaafii
1064 1067 1107 1153 (p.
1130 1066 1198 1153 24);
1232 1067 1274 1132 ab

141 1169 291 1250 Ussingio
314 1169 522 1251 uoluptatum
545 1190 604 1253 pro
627 1171 776 1252 genetivo
799 1172 989 1254 quantitatis
1010 1170 1163 1256 (generis)
1186 1177 1275 1236 recte

142 1271 292 1352 habetur;
309 1293 425 1354 parua
447 1292 499 1336 res
521 1274 607 1337 enim
632 1280 681 1338 est
704 1275 841 1355 „exigua
864 1277 972 1356 purs“,
995 1274 1134 1356 paulum.

243 1373 389 1460 spatium.
433 1375 528 1442 Mero.
563 1377 624 1441 647
661 1374 758 1440 breue
787 1375 853 1441 iam
888 1376 1044 1441 relicuom
1076 1375 1167 1442 uitae
1200 1396 1271 1458 spa·

143 1476 273 1552 tiumst,·
307 1478 404 1543 Stich.
438 1478 475 1542 81
513 1478 644 1543 decctrso
677 1479 795 1543 aetatis
825 1479 929 1562 spatio
961 1500 1033 1545 cum
1064 1479 1141 1544 meis
1164 1499 1275 1564 perere

141 1579 266 1644 bellum.

244 1701 373 1748 summu.
419 1685 504 1766 Epid.
536 1686 595 1749 105
623 1703 767 1748 meorum
796 1704 982 1749 maerorum
1006 1689 1103 1766 atque
1125 1704 1273 1750 amorum

140 1809 300 1854 summam
324 1787 468 1853 edictaui
492 1785 564 1864 tihi·
587 1787 648 1851 Mil.
671 1789 712 1854 46
736 1792 864 1868 quanta
885 1789 983 1853 istaec
1002 1786 1171 1852 hominum
1187 1807 1273 1852 sum-

140 1896 239 1971 mast·
273 1892 364 1956 Truc.
394 1892 436 1956 26
465 1909 563 1972 qnam
586 1909 688 1972 penes
715 1894 888 1955 amantum
915 1911 1043 1956 summa
1070 1911 1273 1957 summarum

140 1994 233 2060 reclit.
271 1994 334 2061 Sed
359 1993 485 2059 difficile
508 1994 595 2059 dictu
618 2001 676 2075 est,
699 1994 782 2060 inter
805 2014 887 2077 quos
910 1997 1076 2077 genetivos
1099 1995 1151 2060 hic
1174 1995 1274 2077 potis-

140 2100 259 2164 simum
283 2097 503 2162 numerandus
526 2099 574 2161 sit.

243 2200 378 2286 tempus.
423 2199 519 2266 Mero.
554 2200 617 2265 984
650 2203 689 2264 nt
723 2204 846 2282 tempus
879 2201 967 2265 anni
999 2205 1137 2265 aetatem
1170 2200 1272 2266 aliam

142 2303 235 2368 aliud
256 2303 381 2386 tactum
404 2303 563 2383 condecet;
586 2303 672 2368 Asin.
696 2306 759 2369 253
782 2303 825 2367 aal
847 2301 903 2368 hoc
925 2303 990 2367 cliei
1014 2308 1136 2386 tempus
1154 2303 1273 2368 dormi-

143 2407 234 2486 tasti·
256 2406 337 2471 Trin.
361 2407 420 2470 811
446 2406 583 2488 lenique
606 2406 670 2470 diei
693 2410 815 2488 temptes
837 2425 906 2470 non
929 2406 1028 2474 uides.

244 2508 448 2574 thensaurus.
492 2509 561 2574 Aul.
588 2509 708 2592 prohl
740 2508 821 2573 mihi
854 2528 934 2573 anos
967 2508 1163 2574 concredidit
1195 2508 1273 2574 ascri

144 2611 377 2690 thensaurum·
406 2612 502 2678 Mero.
528 2614 588 2678 163
613 2617 649 2677 tu
672 2613 800 2694 quietern
824 2612 1038 2678 thensaurum
1062 2613 1124 2678 hrcc
1146 2612 1193 2677 mi
1215 2613 1272 2678 all-

135 2715 317 2797 portauisti
350 2714 448 2790 mali,·
481 2716 522 2780 ib.
545 2718 602 2782 641
637 2714 850 2780 thensaurum
872 2716 979 2780 nescio
1005 2736 1098 2798 quem
1117 2736 1274 2782 memoras

141 2816 239 2894 mali;
269 2817 355 2882 Asin.
386 2819 448 2883 655
477 2817 512 2880 cli
536 2821 563 2881 te
585 2818 770 2883 sernassint
790 2839 920 2900 semper,
947 2818 1146 2883 thensaurus
1168 2819 1272 2902 copia·

142 2942 225 2985 rum.
251 2959 290 2966 -
314 2920 360 2985 Do
383 2921 467 2984 Trin.
493 2922 552 2986 152
577 2920 836 2986 thensaurum..
854 2940 1046 2986 ,utcmmnm
1064 2921 1273 3004 Philippeum

142 3023 185 3088 acl
208 3022 275 3088 tria
296 3021 390 3087 milia
412 3044 439 3088 v.
463 3022 546 3087 infru
568 3030 672 3105 genet.
696 3031 776 3107 part.
799 3023 901 3089 milia.

245 3124 399 3192 triduum.
443 3125 560 3191 Bacch.
586 3127 648 3192 461
682 3126 822 3192 triduom
845 3146 914 3191 non
938 3127 1073 3191 interest
1094 3127 1214 3192 aetatis
1237 3131 1275 3193 ut

142 3229 247 3294 maior
268 3228 335 3293 siet.

245 3331 349 3396 uncia.
393 3331 474 3396 Men.
498 3332 560 3396 626
584 3335 681 3411 atque
703 3329 765 3395 huc
784 3335 824 3395 ut
837 3331 940 3396 addas
955 3332 1034 3397 auri
1044 3331 1153 3413 pondo
1169 3351 1273 3398 unam

144 3434 291 3515 unciam·
314 3435 393 3499 Rud.
416 3435 479 3500 913
502 3453 604 3516 neque
623 3433 762 3516 piscium
786 3432 888 3500 ullam
913 3434 1166 3517 unciamponclo
1182 3434 1274 3500 lindie

142 3537 222 3619 cepi·
246 3545 384 3621 utroque
407 3539 479 3603 loco
497 3537 607 3619 ponclo
631 3537 776 3601 additum
800 3545 857 3602 ost.

244 3659 336 3706 uuna.
382 3640 452 3708 Cas,
475 3643 554 3724 prol.
577 3644 617 3707 76
638 3640 760 3725 pipnus
781 3639 857 3706 clato
879 3641 918 3704 in
940 3660 1064 3706 urnam
1086 3639 1193 3705 mulsi.

245 3742 430 3808 *ustilluut
464 3746 549 3809 Trio.
565 3747 628 3810 492
643 3745 716 3809 cleos
731 3744 842 3808 cleceut
856 3743 1041 3826 opulentiae
1056 3747 1086 3807 et
1101 3741 1275 3825 factiones:

142 3867 257 3911 uerum
280 3866 340 3910 nos
361 3846 551 3912 homunculi
574 3847 728 3913 uatillum
753 3849 898 3913 animai:
923 3868 1020 3929 quam
1043 3867 1137 3929 quom
1156 3850 1274 3910 euctem-

136 3949 193 4031 plo
220 3949 377 4027 amiseris,
408 3970 508 4031 aequo
531 3951 697 4016 mendicus
719 3956 815 4034 atque
839 3951 892 4015 ille
915 3950 1179 4033 opulentissimus
1201 3969 1274 4013 cen·

142 4056 231 4117 setar
254 4071 368 4132 cenna·
391 4053 445 4117 ubi
468 4053 634 4133 natillum,
658 4057 676 4120 i.
699 4074 725 4120 e.
748 4055 892 4119 batillum
918 4055 1058 4120 coniecit
1073 4055 1199 4133 Loewo,
1216 4055 1274 4118 sed

143 4174 256 4220 versus
290 4163 460 4239 corruptus
494 4164 550 4221 ost.
596 4157 655 4221 Alii
690 4156 906 4242 stalapmium,
945 4158 997 4222 alii
1031 4155 1185 4234 scintilla,
1221 4157 1272 4221 alii
