2842 4890
1153 250 1187 294 111

100 427 149 486 ter
172 426 299 485 ceteros
321 419 417 500 lunge
445 436 637 501 progressus
660 425 708 484 est
731 419 827 500 Bell,
851 420 905 503 qui
928 419 1067 503 plurima
1089 419 1229 503 genetivi

101 540 193 605 latini
219 557 338 623 genera
365 538 455 605 initio
483 544 540 603 aut
567 540 708 604 locativa
736 538 846 622 fuisse,
875 547 932 605 aut
958 557 1016 623 per
1043 540 1228 622 analogiam

103 661 217 725 horum
250 659 473 741 genetivorum
507 664 580 724 orta
614 677 686 725 esse
721 660 894 725 ostendere
927 665 1101 725 conaretur
1112 659 1147 742 ¹).
1190 660 1229 723 Et

104 797 300 863 quamquam
329 779 362 843 10
385 778 493 861 lingua
516 779 617 843 latina
640 797 752 844 veram
775 779 906 845 locativi
928 780 1071 862 speeiem
1095 780 1228 863 quidam

101 899 240 981 genetivi
263 917 341 981 prae
364 917 400 964 se
419 897 534 978 ferunt,
551 899 644 973 domi,
660 899 741 977 belli,
758 900 842 978 ruri,
859 905 920 964 001.
939 934 975 947 -
993 919 1163 982 quoscum
1178 900 1228 964 in·

101 1028 150 1084 ter
172 1037 286 1084 omnes
309 1024 437 1084 constet
458 1019 616 1083 locativos
636 1037 708 1084 esse
724 1037 763 1084 ex
779 1020 839 1084 has
854 1019 1078 1102 disquisitione
1093 1019 1227 1084 omnino

101 1139 217 1204 seclusi
240 1176 280 1184 -
304 1158 372 1203 non
394 1138 550 1221 plurimos
573 1157 613 1203 ac
636 1157 677 1204 ne
700 1139 820 1204 multos
843 1139 973 1223 quidem
988 1140 1157 1222 genetivos
1180 1139 1228 1204 lo·

101 1259 207 1324 001110
232 1277 329 1324 00000
353 1259 563 1341 explicandos
585 1277 658 1325 esse
680 1261 909 1326 concesserim.

201 1379 314 1462 Neque
341 1397 418 1445 vero
442 1397 482 1444 ex
505 1379 703 1444 adnominali
730 1380 864 1445 notione
891 1398 1006 1445 omnes
1036 1399 1100 1464 quo
1127 1379 1227 1445 modo

103 1499 163 1563 orti
186 1500 250 1564 sint
271 1499 411 1582 genetivi
434 1499 573 1583 intellegi
595 1506 713 1581 potest,
737 1500 887 1582 quamvis
909 1499 1092 1564 artificiosis
1108 1499 1158 1563 usi
1173 1518 1230 1564 ex·

103 1619 243 1701 plicandi
274 1619 456 1684 rationibus
484 1619 690 1701 grammatici
718 1638 791 1684 eam
819 1638 888 1685 rem
918 1625 1090 1684 tentarunt.
1135 1619 1230 1699 Quod

101 1758 176 1803 cum
198 1739 277 1802 mihi
300 1740 366 1803 iam
387 1739 512 1821 pridem
536 1757 727 1821 persuasum
750 1738 915 1817 haberem,
940 1739 982 1804 ad
996 1739 1127 1804 tertiam
1142 1739 1230 1805 illam

101 1859 297 1924 seutentiam
320 1859 413 1941 quasi
436 1859 623 1924 necessario
640 1859 766 1924 delatus
782 1879 864 1940 sum,
888 1877 986 1942 quam
1009 1859 1059 1924 vel
1082 1877 1122 1924 00
1144 1876 1230 1943 0000

102 1999 176 2044 cum
209 1979 352 2044 ablativo
387 1985 436 2044 est
469 1979 609 2060 genetivi
640 1979 847 2045 similitudine
879 1979 1101 2044 commendari
1128 1997 1230 2062 appa·

101 2104 194 2165 reret.
237 2099 307 2164 Hac
340 2100 373 2164 in
405 2117 440 2164 re
474 2100 619 2164 animum
647 2099 770 2168 attendi
803 2100 837 2162 in
879 2099 1109 2182 etymologiam
1146 2117 1229 2181 quo-

102 2236 173 2303 que,
189 2238 324 2301 sperans
346 2238 386 2284 ex
408 2219 586 2285 formarum
608 2219 736 2284 ratione
759 2217 879 2301 aliquid
895 2217 935 2282 de
950 2218 1074 2299 origine
1088 2217 1230 2301 genetivi

102 2339 251 2405 concludi
273 2357 380 2422 posse.
423 2338 483 2404 Ubi
505 2358 578 2404 cum
601 2338 756 2404 vidissem
778 2338 886 2402 varias
908 2354 981 2403 esse
995 2337 1119 2403 formas
1133 2337 1230 2402 huius

102 2478 207 2538 casus,
230 2477 315 2542 quae
337 2459 379 2524 ad
400 2478 501 2524 unam
522 2457 634 2525 referri
655 2477 723 2523 non
744 2464 889 2541 possent,
912 2458 1001 2523 venit
1021 2458 1101 2522 mihi
1121 2459 1155 2523 10
1177 2477 1230 2523 00·

102 2580 280 2662 spicionem
303 2579 447 2661 potuisse
467 2578 535 2644 fieri
550 2584 586 2643 ut
601 2578 735 2660 singulis
751 2577 862 2643 formis
878 2576 920 2643 ab
936 2578 1028 2643 initio
1044 2578 1154 2643 variae
1169 2597 1230 2645 00-

101 2701 208 2765 110000
229 2700 382 2765 inessent.
417 2699 525 2780 Quare
540 2717 625 2782 quae
640 2699 836 2780 collegeram
852 2697 1000 2780 exempla
1015 2697 1169 2763 constitui
1183 2698 1230 2762 ita

102 2819 282 2902 disponere,
299 2825 333 2884 ut
349 2826 506 2902 quantum
521 2818 590 2884 fieri
606 2824 717 2901 posset
732 2819 828 2883 001110
844 2823 1019 2901 syntaxeos
1034 2817 1147 2882 urdine
1162 2835 1228 2883 nun

101 2938 232 3004 turbato
254 2938 432 3004 formarum
455 2957 585 3022 quoque
607 2938 691 3003 ratio
713 2942 848 3021 pateret.
886 2937 1102 3021 Quamquam,
1126 2937 1230 3020 qualis

101 3058 196 3124 nobis
219 3065 316 3125 notus
338 3065 388 3124 est
410 3077 519 3124 sermo
541 3059 669 3140 latinus,
693 3057 733 3123 de
756 3075 797 3122 00
818 3075 854 3123 re
875 3058 928 3121 vix
951 3057 1126 3141 quidquam
1150 3057 1230 3124 certi

102 3179 332 3262 proferendum
344 3178 479 3259 videtur,
492 3196 553 3243 nec
565 3196 627 3261 ego
643 3177 722 3242 mihi
733 3178 796 3243 hoc
809 3177 975 3260 adrogari.
991 3176 1112 3243 Verum
1125 3178 1231 3242 omni-

106 3318 151 3364 no
173 3318 248 3364 cum
271 3299 384 3365 dehis
406 3297 503 3364 rebus
525 3299 620 3381 plene
643 3298 824 3364 disserendi
846 3297 900 3362 hic
923 3299 1014 3365 locus
1035 3297 1167 3363 nonsit
1190 3333 1231 3344 -

102 3437 208 3503 neque
231 3419 316 3486 enim
340 3426 473 3502 propter
494 3424 651 3500 angustus
673 3417 754 3484 fines
775 3418 872 3483 huius
893 3417 990 3484 libelli
1013 3423 1045 3483 01
1067 3417 1231 3501 exemplo·

101 3559 174 3604 rum
211 3558 365 3621 magnum
391 3557 563 3603 numerum
591 3544 741 3621 poteram
771 3538 841 3602 sine
867 3537 1107 3620 perspicuitatis
1135 3537 1232 3603 detri-

104 3666 214 3724 mento
237 3659 446 3742 singulosque
468 3660 559 3725 locos
582 3677 697 3724 omnes
719 3674 898 3741 congerere
912 3662 945 3723 et
959 3657 1145 3723 universam
1161 3675 1230 3722 rem

205 3986 227 4054 1)
253 3984 294 4037 De
318 3983 428 4037 locutivi
454 3984 482 4037 in
508 3984 601 4051 prisca
619 3982 758 4036 latinitate
776 3980 802 4034 vi
820 3986 848 4033 et
866 3994 916 4032 usu
933 3978 1127 4046 (Vratislaviae
1145 3980 1232 4049 1889).

102 4070 264 4124 Locatirum
291 4070 318 4123 in
344 4084 443 4137 graeca
459 4070 562 4138 ,lingua
587 4083 646 4121 csse
668 4068 825 4136 genetivum
850 4065 966 4134 probare
983 4063 1071 4117 voluit
1088 4063 1234 4120 Heilmann

103 4155 156 4225 (De
172 4156 293 4224 genetivi
311 4155 409 4224 graeci,
427 4155 545 4209 maxime
562 4153 701 4207 Homerici
719 4153 789 4221 usu).
