2842 4890
1186 267 1229 332 37)

246 469 390 536 Causam
411 489 489 536 vero
511 471 539 535 si
562 472 757 554 quaerimus,
774 470 867 536 unde
889 472 972 536 baso
992 471 1189 554 ambiguitas
1210 491 1270 537 no-

140 573 241 638 tionis
270 579 342 638 orta
370 573 420 654 sit,
454 574 580 638 videtur
609 592 648 639 ea
669 575 702 638 in
725 574 844 656 duplici
864 574 960 638 buius
983 575 1133 639 adiectivi
1154 581 1272 642 natura

140 678 252 760 positu
272 695 356 757 esse,
379 696 444 759 qua
466 683 499 741 et
518 677 563 741 ad
577 686 764 760 ‘pronomen
787 678 1052 759 interrogativum
1074 683 1108 743 et
1125 678 1169 742 ad
1188 679 1272 743 rela-

141 780 246 844 tivum
279 797 381 861 prope
410 779 547 844 accedit
590 780 626 845 ln
660 781 707 845 eis
736 781 826 845 enim
854 781 1019 863 exemplis,
1052 799 1136 863 quae
1165 781 1271 864 prima

144 882 320 961 attulimus,
342 885 505 963 quantum
535 882 685 948 vocabuli
713 882 953 965 interrogativa,
984 884 1017 946 in
1039 884 1272 965 posterioribus

142 986 280 1051 relativa
301 985 350 1048 vis
373 985 476 1066 magis
499 986 676 1068 conspicua
699 991 756 1050 est.
850 1074 852 1079 ,

248 1103 462 1189 quantumuis.
504 1104 566 1169 Mil
597 1105 660 1170 263
686 1109 850 1186 quantun
877 1104 931 1170 un
949 1104 1161 1187 prolationio;
1188 1125 1270 1187 pro-

140 1207 281 1274 lationis
309 1207 453 1274 Ribbeck
485 1227 525 1274 ex
549 1208 579 1272 A
605 1228 671 1288 „an
685 1207 888 1290 prolationes
896 1205 932 1271 ?“
955 1209 1088 1290 addens,
1106 1208 1268 1290 prolatio-

141 1329 228 1376 num
250 1330 290 1376 ox
313 1311 428 1375 ceteris
450 1310 537 1375 libris
560 1311 677 1393 Ussing
696 1317 731 1377 et
752 1312 835 1377 Bria

248 1428 450 1515 quantillum
494 1429 585 1513 Capt.
619 1433 680 1498 193
712 1431 913 1513 quantillum
943 1432 1073 1515 arpenti
1104 1433 1150 1497 ni
1182 1433 1272 1519 apud

142 1533 338 1616 trapezitam
361 1533 438 1610 siet‚·
459 1533 577 1599 Baooh.
599 1536 661 1599 706
683 1534 737 1599 secl
758 1553 851 1600 nana
865 1535 1067 1617 quantillum
1081 1540 1177 1602 usust
1191 1537 1276 1602 auri

143 1637 213 1702 tibi.
236 1674 279 1684 -
298 1637 414 1702 Pseud.
446 1639 527 1704 1192
556 1637 720 1719 quantillo
751 1643 897 1725 argento.
921 1643 950 1704 10
983 1639 1140 1705 aenituit
1172 1639 1277 1706 Pseu·

142 1739 246 1806 dolus.
289 1740 338 1805 Ita
359 1760 419 1823 pro
446 1740 599 1806 librorum
627 1739 790 1823 quantillo
815 1742 945 1827 argenti
973 1744 1056 1808 duae
1086 1741 1273 1810 camerario

143 1843 275 1926 scripsit
297 1841 432 1927 Seyffert
455 1842 521 1928 (cfr.
545 1843 637 1909 Trno.
661 1845 722 1911 637
745 1844 908 1927 quantillo
930 1846 976 1910 nn'
991 1865 1188 1928 operenuno
1197 1867 1275 1928 per·

144 1945 279 2012 wodani
298 1946 423 2031 potest).

247 2065 456 2151 aliquantum.
498 2066 591 2131 Most.
620 2068 684 2131 364
714 2066 773 2148 qui
798 2066 904 2150 faeere
924 2068 1056 2151 arpenti
1076 2069 1189 2150 cupiat
1209 2069 1273 2135 ali

143 2174 311 2253 qnantum
345 2168 446 2247 luari‚·
479 2169 550 2235 Cas.
583 2171 644 2235 251
679 2169 827 2252 relinqua
859 2170 1070 2254 aliquantum
1103 2172 1273 2252 orationis,

145 2293 221 2338 oras
246 2273 330 2355 quod
360 2293 480 2337 uncum
510 2272 632 2356 litigem
664 2273 726 2338 Mil.
748 2277 812 2341 640
834 2279 881 2338 set
901 2295 954 2359 epo
976 2274 1098 2339 amoris
1120 2274 1275 2365 aliquan

147 2381 218 2442 tum
240 2375 338 2442 liabeo
360 2376 543 2458 0000010000
565 2375 724 2441 alioruin
746 2396 883 2459 empne.

252 2498 387 2563 tanum
429 2497 517 2579 Epid.
545 2499 609 2563 309
638 2517 678 2561 aa
710 2497 857 2563 aunario
887 2496 1011 2562 decutio
1042 2499 1171 2581 0100011
1198 2501 1276 2564 lan-

149 2605 230 2680 tum,
263 2605 426 2683 guentum
454 2600 536 2666 milti
565 2600 664 2677 lubet·
695 2601 788 2667 Most
815 2604 878 2667 211
913 2601 957 2680 ill,
993 2605 1049 2666 tuo
1077 2621 1139 2682 pro
1171 2602 1275 2683 capite

147 2704 234 2787 qaod
256 2704 350 2781 dedit,
371 2703 551 2785 perdiderit
572 2708 704 2770 tantum
725 2704 872 2789 arqenti;
901 2705 959 2771 sed
981 2724 1111 2770 versum
1132 2708 1278 2787 spurium

148 2827 223 2875 esse
254 2809 398 2874 ostendit
428 2809 552 2874 Lorenz
585 2809 653 2893 (alr.
687 2810 756 2874 eius
789 2810 897 2875 adnot.
921 2809 963 2872 ad
983 2809 1014 2874 b
1037 2808 1077 2891 l).
1121 2808 1190 2872 Aul.
1213 2809 1275 2873 723

149 2915 284 2977 tanturn
305 2911 384 2976 auri
399 2911 545 2993 pauno
577 2913 619 2976 ib.
641 2912 704 2977 786
726 2913 806 2978 auri
832 2916 964 2977 tantum
982 2911 1129 2992 pendium
1160 2911 1279 2976 Bacch.

150 3016 236 3082 1184
265 3013 408 3080 altarum
442 3019 572 3081 mutum
601 3015 681 3080 auri
712 3034 782 3080 non
815 3035 968 3092 ntereann
1000 3015 1042 3079 ib.
1070 3015 1152 3080 1032
1179 3033 1278 3094 quam

142 3124 281 3202 propter
300 3123 431 3184 tantun
453 3119 568 3184 danem
589 3119 651 3200 teri
672 3123 703 3183 et
722 3118 844 3202 slopan
865 3119 963 3184 Poen.
979 3119 1042 3182 918
1058 3119 1189 3181 tanturn
1203 3135 1277 3180 anan

147 3222 257 3287 instat
283 3221 382 3298 euiti;
412 3223 500 3287 Asin.
521 3224 586 3287 310
608 3226 738 3287 tantum
757 3221 850 3286 adut
876 3220 969 3295 boni5
1004 3220 1094 3301 Capt.
1118 3221 1179 3284 776
1202 3217 1280 3300 quai

146 3325 226 3391 boni
261 3328 391 3391 tantm
423 3324 545 3406 adiero,
579 3329 741 3407 quantum
775 3330 853 3403 oet.;
886 3324 927 3387 ib.
961 3325 1023 3388 869
1057 3325 1189 3386 tuntum
1221 3341 1277 3403 eqo

147 3447 244 3494 nunc
264 3433 360 3511 porto
382 3433 521 3510 apertu
545 3427 712 3505 1010000
744 3428 859 3494 Pseud
882 3428 944 3492 937
970 3429 1100 3490 tanturn
1124 3423 1183 3488 tibi
1204 3422 1280 3487 boni

145 3533 184 3599 di
207 3531 321 3608 duint·
340 3531 424 3598 Men.
446 3534 510 3597 902
531 3551 591 3596 suo
612 3531 670 3615 qui
692 3531 759 3614 regi
780 3535 913 3595 tantum
934 3527 1076 3593 conciuit
1089 3526 1187 3602 neali;
1207 3527 1279 3591 Aul.

147 3637 215 3702 722
238 3639 366 3700 tantun
385 3634 497 3719 gemiti
518 3638 550 3699 et
570 3633 651 3699 01011
671 3638 703 3699 01
722 3633 904 3699 maestitiae
927 3632 972 3696 ni
993 3631 1045 3695 leia
1064 3631 1131 3694 dias
1145 3629 1279 3711 optulit;

148 3740 235 3806 Men.
267 3739 332 3804 436
373 3742 501 3803 tanturn
534 3737 640 3818 incepi
672 3737 785 3818 operis,
822 3737 910 3819 quod
943 3754 1002 3818 pro
1038 3737 1168 3798 tantum
1201 3753 1281 3814 opus

148 3843 279 3922 dicitur,
311 3842 398 3907 velut
423 3839 503 3925 qutll
530 3841 646 3924 nepoti,
680 3840 759 3921 quid
794 3839 949 3916 bominis,
985 3844 1044 3903 oet.
1088 3836 1182 3901 Mero.
1217 3839 1279 3900 672

152 3949 286 4011 mutum
308 3944 365 4009 hoa
386 3942 613 4025 0001310006
633 3942 719 4024 fera·
744 3942 799 4007 ubi
821 3943 929 4025 potius
951 3942 993 4005 ad
1017 3943 1156 4016 tantum,
1181 3957 1281 4022 quam

153 4050 196 4114 ad
218 4047 276 4112 boo
309 4047 356 4133 (ut
385 4048 486 4112 iunxit
506 4047 602 4113 Loob.
625 4069 655 4130 p.
680 4046 732 4131 18)
760 4047 929 4128 genetivus
951 4042 1283 4110 referendus-videtur

154 4151 223 4237 (ab.
249 4149 329 4232 quid
356 4149 421 4228 hoa,
450 4147 538 4228 illuc,
562 4149 645 4214 istuc
666 4153 713 4214 est
734 4149 842 4232 nepoti
864 4170 892 4230 p.
914 4149 979 4232 41).
1023 4146 1121 4212 Poen.
1144 4145 1282 4213 eleseu
