2842 4890
184 252 225 318 62

142 455 232 537 Quae
261 456 382 521 locutio
410 462 585 539 postquam
617 456 710 539 quasi
740 456 773 520 in
799 455 970 522 formulam
999 455 1165 540 quandam
1188 456 1275 538 abiit,

136 560 278 642 primm
323 558 468 624 adverbii
513 577 647 624 munere
690 557 779 641 fungi
825 557 1009 641 incipiebat,
1061 559 1150 625 velut
1189 559 1276 624 Asin.

142 663 208 730 tibi)
228 661 400 747 primum
427 662 565 724 uranium
665 682 726 724 uon
749 682 940 744 uepumus.
984 661 1019 727 ln
1041 662 1206 746 plerisque
1227 670 1276 727 ta-

143 784 219 830 men
251 783 335 847 quaa
365 764 531 829 attulimus
563 764 718 846 exemplis
744 765 849 847 prima
878 765 931 830 illa
953 764 1147 846 significatio
1171 765 1276 830 adiee-

141 870 209 933 tiva
231 871 330 933 etiam
352 886 439 930 nune
462 867 602 933 discerni
622 873 745 949 potsse
763 868 905 950 primum
925 869 1061 930 omnium
1080 868 1168 934 enim
1185 869 1277 951 quasi

142 990 201 1054 pro
233 971 325 1050 „hoo
353 969 518 1051 primum
549 970 720 1035 omnium
748 971 828 1035 diei
856 970 967 1035 volo“
995 970 1119 1035 dieitur.
1167 971 1277 1054 ltaque

141 1074 237 1140 Mera.
261 1076 324 1139 608
342 1076 485 1157 primum
507 1074 644 1136 oruuium
662 1075 818 1156 periimus
841 1093 907 1138 non
930 1078 992 1138 est:
1025 1074 1194 1156 primum
1216 1074 1277 1140 vel

143 1178 260 1259 primi
285 1177 490 1258 periimus,
521 1176 579 1240 sed
601 1176 671 1240 hoe
696 1175 866 1240 omnium
889 1177 1053 1257 primum
1075 1175 1155 1242 diei
1175 1178 1277 1242 volo:

145 1282 339 1363 periimus
363 1317 403 1326 —
426 1279 560 1345 Duobus
582 1280 663 1343 loeis

245 1381 459 1470 primumdum
482 1382 635 1448 occurrit:
658 1382 742 1446 Trin.
759 1381 800 1446 98
811 1381 1030 1465 primumdum
1045 1382 1184 1445 omuium
1199 1383 1280 1446 mule

142 1487 309 1550 dictitatur
341 1485 415 1561 tidi;
448 1486 539 1550 Most.
569 1486 631 1549 400
666 1485 803 1547 omnium
830 1483 1049 1567 primumdum
1083 1483 1159 1547 haee
1188 1486 1279 1549 aedes

142 1591 208 1652 iam
225 1592 305 1672 sace
327 1591 467 1652 occlusae
489 1590 578 1652 sieut.

246 1691 372 1757 interea
395 1692 454 1754 daei
467 1691 491 1777 ¹)
521 1691 636 1756 Pseud.
659 1691 722 1756 266
747 1690 866 1752 iuterea
889 1691 948 1753 lori
970 1691 999 1753 si
1022 1691 1104 1753 lucri
1126 1691 1205 1775 quid
1226 1691 1280 1754 de·

143 1803 212 1870 tur;
233 1793 317 1859 Men.
338 1796 402 1859 446
425 1815 517 1878 quom
539 1796 659 1856 interea
682 1793 742 1856 loei
764 1814 934 1875 rruruquam
957 1793 1125 1878 quiequam
1142 1795 1281 1876 faeiuus

140 1899 211 1982 feei
228 1899 339 1980 peius;
361 1897 453 1962 Trua.
477 1899 518 1962 32
540 1897 660 1958 iuterea
684 1897 743 1959 loei
764 1897 945 1958 auctarium
968 1903 1048 1960 orat.

143 2039 146 2043 .
248 1998 394 2087 postidea
416 2001 483 2065 lori.
518 1999 592 2066 Cist.
609 2001 670 2064 617
683 1999 829 2081 postidea
850 2000 919 2076 loci,
940 2001 995 2082 qui
1015 2000 1157 2084 deliquit,
1178 2008 1281 2084 erupu-

146 2102 241 2179 iabiu
275 2101 373 2168 Stich.
397 2103 459 2168 758
482 2102 627 2186 postidea
656 2103 725 2178 loci,
829 2103 969 2164 celeriter
996 2103 1133 2185 lepidum
1154 2111 1183 2165 et
1205 2124 1282 2167 sau-

144 2227 213 2268 uem
235 2208 407 2268 corilionem
429 2207 573 2290 aliquam
595 2206 725 2286 occipite
747 2205 951 2270 eiuaedieom.

252 2307 356 2374 adhue
378 2311 515 2373 locorum
538 2308 628 2391 Capi.
651 2310 715 2374 385
737 2316 772 2370 ut
791 2308 895 2371 aditae
910 2311 1046 2372 locorum
1055 2309 1136 2392 feei,
1151 2309 1282 2392 faeiem

145 2412 261 2476 sedula.

248 2512 355 2600 pastid
389 2515 533 2578 locorum.
578 2513 650 2579 Cas.
679 2519 741 2581 120
767 2515 876 2597 postid
910 2515 1046 2578 tororum
1079 2515 1206 2598 quaudo
1237 2515 1283 2578 od

144 2616 257 2678 uillam
285 2618 418 2693 uerterit,
450 2616 579 2679 dabitur
601 2616 657 2694 tibi
680 2616 833 2699 ampliare
854 2639 939 2693 uuo;
971 2617 1068 2682 Poen.
1094 2617 1155 2681 144
1171 2618 1282 2700 pestid
1307 2654 1310 2659 >

145 2708 283 2782 l(reorum
309 2726 343 2780 tu
370 2718 448 2781 milei
475 2721 597 2781 amanti
624 2721 790 2803 ipuaseito;
824 2720 916 2784 Teuc.
938 2722 1000 2786 661
1030 2721 1195 2783 eradicare
1215 2741 1282 2783 oer-

146 2829 242 2884 tumst
265 2822 448 2903 cumprimis
466 2828 601 2903 patrem,
621 2823 729 2905 postid
752 2824 888 2886 locorum
910 2830 1049 2887 matrem.

247 2923 443 2989 adverbium
465 2923 650 3009 negativum
673 2946 772 2990 unum
796 2927 957 2991 invenitur
1052 2932 1055 2937 ’

250 3029 389 3094 minume
423 3049 497 3094 cum
527 3031 677 3112 genetivo
703 3032 843 3112 peruium
872 3029 998 3094 duobus
1020 3030 1101 3094 locis
1124 3029 1283 3113 coniano-

144 3138 222 3195 tum.
267 3131 363 3196 Mero.
386 3132 446 3196 421
472 3133 557 3214 quid,
585 3133 614 3194 si
636 3133 738 3215 ipitur
759 3133 913 3195 reddatur
935 3133 995 3208 tat,
1019 3132 1103 3194 rerrde
1123 3129 1283 3213 emptast?

144 3272 187 3279 —
211 3236 349 3297 ruiruaue
377 3236 536 3316 peut-ium;
568 3235 667 3300 Poen.
691 3237 754 3301 690
776 3236 822 3297 itu
845 3234 895 3297 iili
917 3235 1075 3312 dixerunt,
1106 3235 1178 3318 quei
1205 3232 1283 3297 hine

144 3359 165 3399 a
187 3358 235 3399 me
257 3337 402 3399 adierunt
424 3338 522 3415 moda,
546 3345 574 3399 te
596 3339 777 3421 quaeritare
799 3358 819 3399 a
842 3339 966 3401 muscis.
986 3375 1029 3383 —
1048 3338 1184 3400 miuume
1204 3357 1281 3419 pen-

144 3441 231 3504 tium.
266 3439 328 3520 Qui
350 3441 518 3522 genetivus
539 3459 598 3523 per
620 3440 735 3505 salsam
759 3440 944 3522 analogiam
967 3441 1082 3505 horum
1106 3437 1281 3515 adverbi07

144 3562 217 3608 rum
240 3544 400 3608 exstitisse
423 3543 564 3608 videtur:
586 3563 742 3626 nusquam
764 3544 913 3625 peutium,
937 3543 1073 3605 ruiaraue
1086 3542 1242 3625 peritiam..

248 3714 268 3780 ¹)
286 3713 326 3764 De
354 3712 552 3781 significatione
578 3711 630 3765 ioci
657 3711 738 3782 l„die
762 3711 1028 3781 Verhllltnisse“)
1061 3710 1110 3764 cfr.
1139 3709 1281 3781 Reisig·

144 3798 254 3851 Haase
272 3797 376 3851 Vorlrs.
395 3800 411 3867 §
430 3799 488 3850 358.
