2842 4890
1195 257 1234 322 21

148 467 310 532 adiectivo
344 466 492 549 pendeat.
535 465 657 532 Verum
686 467 811 528 5551555
841 467 883 530 ad
910 465 998 528 aedts
1015 463 1170 545 refertur,
1194 463 1282 526 aedis

146 571 277 633 curtum
304 570 415 635 iocose
444 589 502 651 pro
532 568 663 633 auribus
694 568 811 633 dicitur
843 567 911 654 (cfr.
940 569 974 631 in
1004 568 1151 651 sequenti
1185 585 1282 631 versu

147 673 303 755 miprarc:
325 693 393 734 mea
415 678 450 733 51
473 672 611 754 15195555
634 672 719 734 dictu
737 673 862 754 possint
884 692 943 756 quo
965 672 1019 733 uel
1037 669 1059 754 ).

250 880 335 944 Inter
373 879 540 960 genetivus
578 878 692 960 copiae
726 885 758 943 et
794 879 923 960 inopiae
961 897 1018 943 eos
1056 895 1186 960 quoque
1222 896 1282 940 nu-

150 983 265 1047 merari
288 982 395 1062 velim,
419 982 474 1063 qui
498 1000 536 1045 ex
559 982 609 1044 his
632 980 739 1046 verbis
763 988 795 1046 et
817 982 984 1047 adiectivis
1006 981 1163 1063 pendent:

249 1084 363 1170 potire,
394 1084 481 1167 quod
509 1085 614 1149 active
636 1084 721 1149 idem
745 1083 811 1148 fere
834 1082 992 1166 significat
1015 1103 1054 1148 ac
1078 1088 1281 1166 potentem

144 1188 198 1252 vel
221 1193 438 1270 compotem
461 1186 600 1251 facere.
635 1186 749 1268 Amph.
775 1188 835 1251 178
859 1206 928 1248 euru
950 1206 1034 1248 5555
1051 1185 1169 1268 petiuit
1186 1190 1282 1266 puter

142 1291 316 1354 seruitutis.
340 1327 380 1335 —
403 1289 534 1353 Passive
564 1289 627 1353 hoc
657 1288 794 1354 verbum
823 1289 983 1370 significat
1013 1289 1099 1353 idem
1129 1287 1216 1370 quod
1238 1287 1279 1350 in

143 1399 391 1476 potestatem
424 1393 558 1457 venire
592 1398 623 1456 ct
657 1411 732 1455 cum
765 1393 914 1473 genetivo
951 1391 1088 1454 hostium
1126 1388 1276 1454 omnibus

142 1497 225 1561 locis
255 1495 456 1560 construitur.
504 1494 594 1576 Capt.
624 1497 665 1559 92
692 1501 861 1579 postquam
889 1516 974 1558 meus
1001 1516 1058 1558 555
1088 1501 1132 1556 est
1155 1494 1276 1575 potitus

141 1599 297 1671 hostium·
329 1597 369 1661 ib.
396 1600 457 1662 144
474 1605 643 1681 postquam
668 1605 786 1680 955155
809 1605 877 1661 tuos
894 1600 1028 1681 potitust
1054 1597 1208 1674 hostium
1235 1595 1277 1659 ib.

143 1703 208 1768 762
240 1702 342 1763 maior
365 1702 485 1783 potitus
514 1699 692 1779 hostiumst
725 1701 812 1782 Epid.
835 1703 898 1766 532
928 1702 974 1763 itu
1005 1707 1104 1783 quatu
1131 1698 1273 1761 515555-

141 1806 269 1868 stiumst
290 1805 411 1887 potita,·
444 1803 487 1867 ib.
511 1805 574 1869 502
596 1803 761 1866 hostiumst
782 1805 894 1887 potita.
921 1841 954 1850 -
982 1803 1087 1867 Pottrt
1110 1804 1277 1886 deponens

140 1908 230 1973 idem
253 1905 319 1971 tere
344 1912 393 1970 est
416 1907 503 1989 quod
527 1913 736 1988 potentem
759 1907 856 1972 fieri
879 1915 911 1973 et
934 1908 983 1972 his
1006 1907 1086 1972 locis
1109 1907 1272 1971 invenitur

140 2012 260 2093 Amph.
286 2011 344 2074 187
369 2017 403 2072 51
425 2011 511 2073 satan·
530 2017 709 2092 poteremur
730 2011 865 2095 domt1);
895 2010 975 2076 Rud.
1002 2013 1082 2075 1337
1106 2011 1153 2072 tut
1175 2011 1268 2075 515151
1275 2012 1281 2023 ’

140 2112 197 2176 515
220 2113 265 2175 sis
282 2114 422 2194 potitus·
444 2113 532 2177 Asin.
555 2115 619 2179 555
643 2136 695 2176 555
718 2136 802 2177 5555
826 2114 1280 2197 15915555,555155555551155-

140 2237 202 2301 qtte
218 2264 225 2278 .
243 2263 251 2277 .
269 2263 276 2278 .
294 2216 401 2298 fupac
413 2214 438 2300 2)
456 2217 560 2298 potiti.

247 2320 324 2380 Cum
355 2321 484 2379 ablativo
509 2322 605 2395 potiri
627 2324 811 2381 construitur
839 2322 926 2380 Asin.
951 2323 1012 2380 916
1039 2323 1280 2396 1555155155

141 2408 309 2468 amantini
331 2407 415 2466 liceat
436 2408 637 2481 sputantem
659 2408 769 2467 Pseud.
793 2429 853 2485 arg.
876 2408 919 2482 II,
947 2409 985 2467 15
1009 2413 1103 2468 scorto
1125 2407 1281 2475 Calidorus

135 2495 261 2569 potitur,
292 2493 359 2551 5155
389 2493 547 2552 Pseudolus
555 2510 565 2565 ,·
598 2495 637 2553 ib.
671 2494 750 2554 1071
781 2496 810 2554 si
837 2495 885 2554 ille
911 2495 979 2554 illac
1004 2494 1087 2554 hodie
1111 2495 1150 2553 sit
1170 2497 1281 2569 potitus

140 2580 269 2639 muliere.
294 2613 333 2622 —-
356 2579 511 2636 Praeterea
540 2579 724 2639 accusativus
752 2601 871 2656 quoque
894 2580 964 2638 huic
986 2583 1078 2640 verbo
1102 2581 1280 2640 adscribitur

140 2667 229 2724 Asin.
257 2665 322 2722 324
351 2664 425 2723 idem
451 2669 522 2739 post
544 2662 697 2748 potitar³)
725 2667 844 2739 bonam,·
875 2668 954 2724 Rud.
982 2668 1043 2726 190
1069 2668 1120 2726 hoc
1146 2667 1218 2726 mitt
1239 2669 1282 2727 511

141 2751 265 2811 latoria
299 2751 426 2810 laborem
458 2750 531 2809 5555
562 2753 662 2826 potiri.
707 2752 821 2810 Eodem
854 2755 980 2828 pertinet
1013 2753 1101 2813 Cure.
1136 2753 1197 2811 tto
1231 2753 1282 2829 qui

139 2839 225 2897 domo
253 2836 328 2911 quod
361 2841 442 2895 amat
471 2837 548 2896 videt
577 2854 626 2895 nec
650 2839 764 2912 potitur
795 2839 863 2897 dam
891 2840 962 2898 licet.
987 2875 1027 2882 -
1051 2839 1129 2899 Cum
1152 2841 1279 2898 ablativo

140 2931 347 2982 constructum
370 2923 521 2980 invenitur
544 2924 631 2980 etiam

245 3004 428 3091 5015551115.
472 3009 550 3072 Rud.
585 3009 646 3066 911
676 3010 795 3083 piscatu
824 3029 898 3069 5555
927 3029 970 3069 me
997 3011 1079 3069 uteri
1104 3012 1279 3086 conpotiuit;

140 3095 183 3155 ib.
208 3095 271 3152 205
294 3095 336 3153 itu
358 3095 403 3152 155
424 3095 496 3153 solis
518 3095 589 3153 solis
612 3095 682 3153 locis
705 3096 857 3170 conpatita.

247 3246 373 3313 cupere.
407 3229 490 3292 Trin.
513 3229 573 3294 841
586 3230 1061 3314 5515555555551155555515,
1080 3230 1276 3314 5555515541

140 3331 203 3396 Mil.
228 3334 291 3396 964
314 3353 393 3416 quoe
415 3333 547 3413 cupierat
569 3333 626 3394 151.
672 3331 808 3415 Saepius
836 3333 1041 3414 participium
1069 3333 1165 3397 huius
1188 3333 1278 3397 verbi

246 3656 255 3686 2

140 3741 222 3795 adh.
243 3741 278 3792 1..

244 3825 436 3895 3)55111551’,
455 3827 543 3895 Valla,
562 3827 764 3896 Ρ151;5511155
783 3828 903 3895 plerique
922 3829 985 3881 libri
1004 3831 1191 3896 manuscripti.

245 3913 266 3979 ⁴)
284 3912 341 3964 Mil.
360 3912 411 3964 801
429 3912 474 3966 ttte
491 3912 549 3966 5155
566 3912 639 3965 domi
658 3912 861 3980 5551515155,-
887 3915 925 3967 sic
944 3916 1055 3982 scripsit
1078 3915 1178 3984 Ritcht
1206 3916 1278 3970 codi-

140 4014 202 4050 cum
222 3998 400 4065 scripturam:
423 3997 468 4050 itte
485 3998 616 4051 eiusmodi
633 4002 671 4051 est
689 3998 778 4067 cupiet
801 4007 944 4054 servarunt
962 4001 1058 4055 melius
1076 4001 1187 4070 Madvig
1207 4001 1279 4070 „itte-

140 4082 273 4136 eiusmodv'
299 4085 454 4150 est-cupiet“
483 4086 603 4138 scribens
633 4092 660 4138 51
688 4086 786 4154 Ussing
814 4085 875 4154 „ute
900 4085 957 4140 eius
983 4087 1056 4140 modi
1083 4091 1136 4140 est:
1167 4089 1279 4157 cupict‘t

141 4169 313 4237 Madvigium
333 4171 417 4222 secuti
437 4179 500 4223 sunt
518 4172 582 4223 Brix
601 4178 629 4224 et
648 4170 740 4224 Goetz.
