2842 4890
192 1017 486 1120 Genetivus
523 1015 854 1146 quantitatis
891 1013 955 1145 (et
984 1015 1239 1147 materiae).

253 1286 394 1349 Primum
427 1304 529 1367 genus
558 1285 697 1367 genetivi
726 1285 866 1367 partitivi
896 1285 929 1349 id
957 1293 1016 1366 est,
1048 1306 1112 1369 quo
1135 1287 1280 1369 aliqvan-

145 1397 216 1455 tum
248 1408 288 1454 ex
317 1389 411 1471 copia
443 1389 585 1471 quadam
614 1388 665 1452 vel
693 1407 800 1452 rerum
829 1389 879 1453 vel
908 1389 1088 1454 homimum
1116 1396 1280 1473 sumptum

147 1511 220 1558 esse
255 1491 416 1555 indicatur
447 1491 621 1574 (genetivus
654 1492 866 1575 quantitatis).
910 1491 969 1557 Hic
997 1494 1165 1574 genetivus
1194 1493 1279 1576 apud

147 1596 298 1661 Plautum
329 1594 558 1658 usitatissimus
581 1599 644 1672 est3
679 1613 718 1658 ex
747 1593 968 1675 substantivis
1000 1595 1175 1675 adiectiviS,
1206 1616 1279 1678 pro·

147 1697 400 1780 nominibusque
422 1697 566 1760 neutrius
589 1697 715 1777 generis
739 1703 769 1760 et
793 1697 954 1762 adverbiis
977 1700 1102 1780 pendet.

251 1798 467 1879 Substantiva‚
509 1798 626 1881 quibus
659 1800 826 1879 genetivus
863 1802 1052 1883 quantitatis
1079 1802 1278 1883 adiungitur,

145 1904 214 1969 sive
236 1921 424 1968 mensuram
449 1903 612 1984 quandam
636 1909 769 1982 certam,
793 1904 861 1968 sive
885 1904 1018 1968 modum
1041 1923 1107 1968 non
1127 1910 1279 1969 accurate

144 2006 315 2072 definitum
338 2005 528 2087 exprimunt.
573 2003 667 2086 Apud
690 2004 838 2069 Plautum
862 2007 943 2070 haec
966 2007 1187 2072 inveniuntur:

250 2107 412 2193 amphora.
456 2106 518 2171 Mil.
549 2107 612 2171 824
642 2108 832 2191 deprompsit
861 2111 993 2172 nardini
1015 2111 1200 2193 anaphoram
1222 2111 1280 2172 cel-

140 2213 259 2275 lariae.
996 2280 1005 2298 ⁴

250 2312 336 2378 aula.
381 2313 450 2376 Aul.
474 2313 536 2378 763
565 2314 673 2375 aulana
701 2314 776 2375 artri
799 2320 826 2374 te
848 2334 992 2395 rapuero,¹
1025 2313 1140 2397 Amph.
1168 2314 1280 2398 fragm.

138 2416 179 2482 111
203 2423 330 2500 optmno
353 2416 424 2478 intre
444 2415 651 2496 infringatur
673 2417 750 2477 atita
774 2416 889 2478 cineris
912 2416 946 2479 in
969 2424 1074 2499 capiat.

249 2516 348 2583 cadus
382 2536 511 2599 semper
545 2537 619 2582 cum
652 2519 801 2599 genetivo
830 2520 904 2582 viai.
949 2519 1063 2602 Amph.
1091 2522 1154 2587 429
1182 2523 1280 2584 cadas

139 2629 212 2685 erat
240 2620 286 2683 ibi
315 2622 404 2700 uini·
436 2620 525 2685 Asin.
554 2622 616 2686 624
643 2628 868 2684 accierataam
891 2629 918 2685 ct
942 2624 1147 2687 mirmandam
1170 2626 1282 2703 aelim·

139 2725 212 2790 Aul.
245 2725 303 2790 571
338 2725 458 2786 iussero
485 2724 598 2786 cadram
627 2744 724 2786 timim
752 2725 823 2786 trini
853 2727 967 2788 ueteris
990 2748 1010 2789 a
1031 2748 1079 2788 tae
1101 2727 1281 2808 adfaciem·

139 2825 242 2895 Poen.
268 2828 329 2893 258
352 2827 417 2889 iam
439 2847 502 2890 noa
525 2826 707 2888 moderari
730 2827 807 2888 cudo
829 2829 900 2891 atat
920 2831 1035 2891 ueteris
1058 2831 1159 2903 (ἱερεῖς
1182 2829 1280 2895 Stich.

143 2931 205 2997 425
229 2930 345 2993 cadom
367 2930 482 2992 ueteris
504 2930 575 2991 uini
592 2930 753 3011 propitio.

230 3037 265 3115 ¹*
278 3033 398 3098 ciocum
420 3052 458 3098 ex
482 3033 670 3098 coniectura
693 3031 844 3098 Schoeltii
867 3054 941 3098 cum
956 3036 1105 3117 genetivo
1121 3042 1280 3100 structum

148 3144 192 3203 est
215 3138 299 3201 Rud.
323 3138 385 3203 725
406 3136 485 3199 atita·
507 3156 577 3198 cum
599 3136 715 3197 icastris
739 3136 858 3218 lepidas
874 3158 928 3198 acc
943 3139 1088 3199 ciccumst
1103 3141 1281 3217 coarmari·

148 3241 227 3304 aiiii
257 3247 302 3302 est
330 3240 498 3305 vocabulis
524 3240 685 3319 lacunam,
715 3242 855 3321 quaein
879 3246 967 3305 textu
996 3242 1089 3321 inest,
1120 3243 1280 3324 supplevit

148 3341 271 3426 Ussing.
316 3342 430 3408 Pseud.
453 3344 515 3407 397
539 3344 656 3405 ciccum
679 3344 755 3404 certi
778 3345 888 3405 contriti
910 3343 1006 3408 scribi
1036 3345 1137 3408 votuit
1170 3345 1279 3427 Bugge

150 3444 213 3529 (cfr.
237 3443 323 3509 infra
345 3445 459 3530 gutta).

247 3547 348 3633 eopia.
381 3547 468 3613 Pers
491 3547 554 3612 255
576 3568 640 3610 mm
663 3549 764 3611 amico
785 3550 928 3610 (traiciter
950 3549 1031 3612 laurac
1053 3551 1279 3612 commoditatis

149 3655 267 3735 copiam
297 3651 439 3729 Μυκη
471 3650 587 3715 Bacch.
611 3651 674 3716 563
701 3649 803 3736 quid?
832 3652 888 3713 tibi
910 3673 971 3714 iton
994 3660 1062 3715 erat
1084 3655 1279 3714 memtricam

149 3755 285 3818 aliarum
300 3753 434 3817 Atinatis
449 3755 539 3836 copia
546 3773 558 3832 ;
575 3771 659 3836 quae
674 3755 715 3818 ad
733 3754 974 3819 similitudinem
990 3756 1150 3820 accedunt
1166 3774 1277 3819 eorum

150 3858 377 3942 exemplorum,
401 3875 486 3940 quae
510 3856 569 3920 sub
592 3859 742 3938 genetivo
766 3857 928 3922 obiectivo
953 3878 991 3923 en
1014 3859 1103 3940 copia
1126 3859 1278 3940 pendenti

150 3965 336 4026 enumerata
363 3965 445 4024 sunt.
489 3959 575 4025 Pers,
600 3962 664 4025 633
686 3960 739 4023 aii
762 3982 868 4023 rarrtm
891 3964 1029 4024 cranium
1056 3962 1208 4025 bonarum
1230 3984 1277 4025 co·

146 4065 245 4144 piast;
274 4062 374 4128 Poen.
402 4063 482 4128 1178
513 4070 603 4125 tanta
632 4063 675 4126 iii
698 4066 788 4144 copia
810 4071 1010 4127 trenastatam
1033 4065 1145 4128 aderat
1165 4067 1200 4128 ia
1222 4085 1277 4128 suo
