2842 4890
375 1091 673 1194 Genetivus
719 1092 1040 1196 obiectivus.

250 1357 408 1425 Genetivo
432 1359 605 1441 obiectivo,
630 1363 784 1445 quoniam
809 1364 902 1445 quasi
929 1361 1048 1427 obiecti
1071 1363 1144 1427 loco
1167 1363 1209 1426 ad
1221 1382 1282 1428 no-

140 1479 222 1527 men
254 1481 371 1544 regens
403 1461 550 1544 refertur,
585 1483 652 1528 non
675 1484 733 1529 eos
756 1466 844 1530 solos
867 1465 1079 1529 adnumeravi
1101 1465 1279 1546 genetivus

142 1565 201 1647 qui
223 1565 320 1646 vulgo
344 1565 496 1631 obiectivi
519 1567 730 1632 nominantur
752 1575 784 1634 et
806 1587 845 1632 ex
868 1566 1080 1632 substantivis
1095 1566 1281 1632 verbalibus

141 1667 297 1751 pendent,
321 1669 557 1733 verumetiam
582 1687 648 1750 eos,
673 1671 727 1753 qui
748 1670 1280 1752 cumverbisadiectivisquecon-

141 1771 247 1835 iuncti
268 1770 387 1835 obiecti
410 1770 602 1837 muneribus
625 1772 809 1855 iunguntur.
842 1773 948 1857 Atque
971 1775 1094 1855 primos
1113 1791 1170 1837 eos
1182 1792 1281 1855 gene-

141 1874 242 1954 tivos‚
276 1874 330 1956 qui
364 1893 404 1939 ex
436 1874 545 1940 verbis
570 1877 723 1940 monendi
757 1885 789 1942 et
823 1876 1036 1942 obliviscendi
1058 1876 1281 1959 similibusque

142 1977 314 2043 adiectivis
336 1978 487 2059 pendent,
510 1978 734 2058 tractabimus,
751 1980 866 2045 deinde
883 1988 992 2044 cetera
1009 1980 1178 2059 adiectiva,
1196 1997 1280 2061 quae

142 2080 342 2146 obiectivum
365 2082 549 2162 genetivum
573 2083 758 2162 adsumunt,
781 2080 953 2165 proferam,
966 2090 1035 2146 tum
1056 2083 1096 2146 de
1111 2082 1279 2163 genetiviS,

142 2184 201 2267 qui
224 2185 354 2265 proprio
376 2183 536 2249 vocabulo
560 2184 712 2250 obiectivi
732 2186 841 2250 vocati
860 2192 943 2265 sunt,
966 2184 1196 2266 disputandum
1212 2185 1279 2248 erit.

252 2678 424 2745 Genetivus
453 2679 624 2746 memoriae
652 2681 684 2746 et
713 2680 884 2747 oblivionis
908 2684 962 2765 qui
985 2689 1122 2747 vocatur
1145 2701 1184 2746 ex
1206 2701 1279 2746 ver-

144 2782 197 2847 bis
234 2783 386 2848 moncndi
414 2789 445 2847 et
468 2783 678 2849 obliviscendi
701 2786 933 2869 adieclivisque
956 2786 1051 2849 simili
1075 2787 1208 2850 notione
1230 2785 1280 2849 in-

145 2885 279 2951 structis
301 2887 420 2967 pendet
442 2892 474 2951 et
497 2889 583 2968 apud
606 2888 754 2952 Plautum
777 2890 826 2952 his
849 2890 929 2954 locis
952 2890 1126 2954 invenitur:

252 2989 389 3055 memini.
432 2991 551 3056 Bacch.
585 2993 646 3056 206
680 2991 872 3072 ecquidnam
900 2992 1050 3056 meminit
1075 2989 1282 3066 Mnesilochi

146 3094 235 3159 Pers,
259 3094 321 3159 658
344 3092 443 3159 sutim'
467 3097 507 3158 ut
527 3093 677 3157 meminit
699 3093 875 3170 libertatis;
897 3095 937 3159 ib.
960 3096 1024 3160 494
1046 3095 1109 3158 mei
1131 3095 1282 3160 memine-

147 3197 204 3277 ris,
228 3196 307 3260 dum
328 3197 432 3261 uitam
456 3197 572 3275 uittas;
596 3196 687 3279 Capt.
709 3200 773 3264 800
794 3197 917 3279 taciem
939 3201 978 3263 ut
993 3198 1094 3263 buius
1108 3197 1159 3262 die
1170 3197 1194 3282 1)
1209 3196 1281 3261 loei-

147 3322 209 3383 qme
232 3299 355 3381 meique
377 3321 499 3381 semper
522 3300 715 3364 meminerit.

252 3425 410 3482 Ablativus
432 3444 469 3481 ex
492 3424 526 3483 de
548 3425 767 3500 praepositione
790 3426 921 3499 pendens
944 3444 1007 3481 uno
1030 3426 1095 3480 loco
1111 3423 1282 3480 huicverbo

148 3508 325 3570 adscribitur
359 3511 470 3568 variato
503 3510 663 3586 paululum
696 3511 859 3567 sententiae
892 3512 1005 3567 colore:
1043 3511 1127 3567 Asin.
1162 3509 1224 3566 939
1249 3509 1283 3567 de

143 3597 230 3672 palla
262 3601 407 3664 memento,
442 3597 555 3657 amabo.
585 3632 625 3639 —
649 3596 746 3654 Multo
780 3598 899 3671 saepius
923 3598 1107 3653 accusativus
1131 3596 1191 3652 sive
1213 3598 1281 3652 sub·

148 3685 346 3742 stantivorum
381 3686 441 3739 sive
475 3682 686 3758 pronominum
721 3683 856 3739 neutrius
889 3681 1006 3757 generis
1030 3682 1099 3738 huic
1120 3682 1209 3737 verbo
1232 3681 1282 3737 ad-

149 3767 281 3846 scriptus
304 3768 468 3842 invenitur3
493 3788 553 3844 qua
576 3767 612 3825 de
635 3787 666 3824 re
689 3769 857 3826 accuratius
881 3766 1044 3843 disputavit
1066 3765 1148 3824 Loch
1165 3770 1204 3842 (p.
1217 3765 1281 3843 28),

150 3875 241 3931 quam
264 3853 386 3912 Schaaff
406 3854 445 3931 (p.
469 3855 508 3912 41
534 3863 603 3933 notx
624 3855 668 3929 2).

255 4095 277 4162 ¹)
304 4090 347 4146 die
372 4093 468 4161 Bothe,
496 4091 551 4147 diei
577 4093 654 4162 libri3
682 4107 788 4146 versum
816 4106 849 4145 ex
876 4090 1005 4144 Terentio
1032 4089 1111 4158 (Eun.
1130 4089 1189 4157 801,
1208 4088 1283 4142 Looh

153 4195 178 4248 p.
196 4180 240 4251 28)
257 4179 429 4247 desumptum
448 4180 560 4234 seclusit
578 4179 685 4234 Schoell
705 4179 772 4232 duce
791 4178 947 4247 Spengelio.
