2842 4890
1218 287 1261 355 69

166 494 389 561 emittentium
412 492 539 576 probat
562 493 649 556 mille
671 494 735 559 hoc
757 494 831 559 loco
854 512 914 575 pro
936 493 1096 559 adiectivo
1113 498 1305 576 usurpatum

166 617 241 666 esse
264 597 359 674 dicit·
380 597 562 679 Draeger¹)
584 597 772 678 genetivum
794 597 929 658 nauium
944 615 984 662 ex
998 597 1084 659 mille
1099 596 1304 661 substantivo

166 702 316 787 pendere
333 705 428 783 putat
442 699 533 784 (item
548 698 673 766 Sobaaf
689 720 719 783 p.
741 699 811 784 13);
833 700 921 764 Loeh
941 705 1051 765 autem
1070 698 1114 784 (p.
1138 700 1193 782 10)
1213 704 1304 764 utra-

170 820 232 890 que
253 803 418 870 sententia
436 803 559 868 reiecta
573 803 659 865 mille
673 803 807 866 muium
822 803 1009 885 genetivum
1024 803 1215 885 quantitatis
1231 819 1305 868 esse

171 906 338 976 contendit
359 923 400 971 ex
420 925 550 968 numero
573 905 777 971 substantivo
799 906 1004 988 pendentem.
1031 905 1081 970 Ab
1107 906 1239 972 Aubero
1259 905 1305 969 si·

169 1009 259 1077 milio
281 1009 409 1076 exemla
431 1027 491 1091 pro
514 1011 720 1090 „genetivo
744 1011 938 1093 partium“
961 1009 1123 1075 habentur
1139 1008 1188 1094 (ut
1204 1009 1304 1074 clas«

167 1115 221 1180 sis
253 1118 522 1180 trecentarum
555 1112 739 1196 navium),
764 1113 806 1178 ab
829 1113 901 1177 aliis
928 1114 991 1178 alio
1018 1112 1116 1178 modo
1139 1112 1305 1195 explican-

165 1225 228 1284 tur.
243 1215 272 1302 ²)
316 1216 428 1299 Itaque
456 1216 597 1298 primum
623 1217 790 1298 quaeritur
816 1216 871 1280 illo
899 1217 973 1282 loco
1000 1222 1108 1281 utrum
1137 1216 1224 1279 mille
1245 1234 1305 1297 pro

166 1319 385 1398 substantivo,
417 1337 461 1383 an
493 1337 553 1400 pro
587 1318 750 1384 adiectivo
783 1318 971 1384 habendum
1005 1319 1054 1383 sit.
1103 1318 1197 1399 Quod
1229 1337 1305 1382 curn

167 1423 257 1506 apud
284 1421 435 1487 Plautum
459 1439 588 1504 semper
609 1420 807 1486 substantivi
830 1440 963 1487 munere
985 1421 1146 1503 iungatur,
1175 1438 1218 1485 ne
1241 1421 1306 1485 hoo

167 1527 302 1612 uiridem
330 1527 403 1591 loco
430 1524 552 1605 dubito,
580 1525 659 1607 quin
681 1523 921 1612 substantivum
944 1526 985 1589 sit
1006 1527 1040 1589 in
1062 1543 1142 1589 casu
1163 1522 1306 1587 ablativo

165 1631 322 1715 positum.
340 1630 366 1709 ³)
411 1628 519 1708 Quare
547 1645 588 1693 ea
616 1628 700 1692 ratio
730 1627 831 1694 verba
857 1628 1083 1711 coniungendi,
1114 1647 1180 1710 qua
1206 1626 1306 1691 utitur

166 1733 268 1812 Loeh,
295 1733 403 1796 minus
425 1732 542 1813 placet,
571 1749 644 1795 cum
673 1751 853 1793 uumerus
874 1732 959 1795 mille
981 1732 1114 1794 nauium
1138 1730 1231 1794 aliter
1252 1728 1306 1792 vix

165 1837 311 1918 intellegi
326 1835 438 1917 possit,
451 1834 513 1898 nisi
535 1834 563 1898 si
578 1834 664 1896 tuille
679 1853 738 1916 pro
757 1834 919 1900 adiectivo
935 1834 1074 1901 habetur
1092 1833 1160 1919 (cfr.
1175 1850 1307 1897 nume-

165 1960 238 2006 rus
275 1943 540 2003 trecentarum
570 1935 751 2021 navium).
796 1937 908 2020 ltaque
937 1957 979 2003 ne
1006 1944 1121 2004 contra
1148 1942 1306 2001 constan·

166 2050 237 2110 tem
259 2060 355 2105 usum
377 2039 561 2104 Plautinum
589 2039 676 2101 mille
704 2058 764 2121 pro
791 2040 952 2105 adieclivo
979 2040 1169 2120 habeamus,
1193 2038 1306 2103 viden-

166 2153 222 2211 tur
253 2163 383 2207 stomaro
410 2149 442 2208 et
471 2143 557 2206 mille
585 2143 632 2207 ita
661 2145 890 2225 coniungenda
920 2162 1003 2224 esse,
1031 2149 1067 2208 ut
1096 2143 1233 2209 alterum
1262 2142 1306 2206 al-

165 2249 230 2316 teri
268 2246 414 2313 attributi
445 2247 518 2312 loco
551 2245 719 2313 tribuatur.
739 2245 766 2331 4)
800 2245 976 2312 Genetivus
1010 2248 1144 2309 nauium
1177 2247 1306 2329 quanti-

164 2351 247 2418 tatis
281 2350 424 2432 speciem
455 2367 535 2432 prae
569 2367 606 2414 se
638 2349 709 2429 lert,
739 2351 767 2414 si
794 2350 993 2414 adnumero
1025 2349 1171 2429 refertur,
1205 2349 1306 2431 parti-

161 2456 236 2536 tivi,
261 2454 387 2518 sicum
408 2454 494 2516 mille
515 2454 730 2535 coniungitur.
776 2454 896 2518 Verum
924 2460 1078 2536 praestat,
1106 2453 1215 2534 credo,
1246 2451 1306 2516 aba

160 2559 303 2625 latinum
330 2577 460 2620 numero
486 2576 545 2639 pro
569 2555 710 2621 ablativo
738 2564 906 2639 respectus
935 2559 990 2640 qui
1011 2564 1148 2621 vocatur
1169 2556 1309 2637 babore;

158 2679 256 2746 quae
283 2659 436 2742 loquendi
464 2660 666 2725 consuetudo
695 2660 781 2741 apud
809 2661 892 2725 alios
923 2661 1098 2742 scriptores
1126 2661 1206 2725 satis
1227 2666 1308 2724 nota

159 2771 218 2834 est
241 2763 312 2848 (cfr.
334 2763 421 2846 apud
442 2762 672 2829 Sallustium
689 2763 716 2848 ὅ)
743 2764 778 2828 Β.
808 2765 835 2832 J.
863 2765 940 2848 Cap.
973 2766 1016 2830 53
1045 2766 1065 2848 ἕ
1096 2769 1118 2830 4
1149 2763 1308 2847 elephanti

154 2875 321 2954 quattuor
352 2867 447 2949 copti,
480 2868 597 2950 reliqui
623 2887 736 2944 munes,
765 2888 917 2931 numero
950 2868 1233 2952 quadropiulo,
1258 2869 1307 2929 iu-

153 2971 315 3056 terfectr]
350 2970 394 3036 ib.
426 2972 478 3051 93,
514 2971 534 3034 8
567 2972 674 3053 itaque
709 2991 747 3034 eu
780 2972 871 3053 copia
903 2970 1079 3035 tubicinum
1111 2978 1139 3032 et
1170 2972 1307 3034 cornici·

145 3095 248 3139 mum
274 3093 403 3136 numero
423 3075 561 3156 quinque
587 3094 681 3156 quom
703 3074 923 3137 uelocissumos
944 3074 1067 3157 delepit,
1091 3074 1173 3159 cet).
1208 3073 1307 3138 Stich.

145 3179 232 3245 587
269 3176 348 3238 uitet
380 3176 572 3239 medimnum
603 3177 690 3238 mille
722 3196 787 3239 asse
818 3179 944 3259 arpenti
972 3178 1084 3253 uelim·
1116 3177 1212 3242 More.
1244 3179 1304 3242 491

138 3280 257 3344 *tuille
293 3299 455 3341 nummum
487 3279 565 3361 plus
597 3298 692 3361 quum
721 3286 843 3361 poocct5
876 3280 957 3343 Rud.
995 3282 1075 3345 1327
1109 3281 1195 3342 mille
1227 3279 1307 3341 dubo

140 3402 333 3446 mummum
350 3382 394 3463 θ),·
433 3380 473 3446 ib.
515 3383 597 3446 1406
637 3381 724 3444 mille
762 3403 924 3444 nummum
961 3383 1180 3457 dinumeraui;
1223 3382 1308 3446 Trin.

141 3487 235 3553 954
268 3486 324 3567 qui
352 3484 398 3546 mi
425 3485 516 3567 mille¹
537 3504 699 3546 nummum
730 3484 866 3547 crederet
893 3484 1098 3567 Philippum
1124 3484 1166 3549 ib.
1192 3485 1255 3550 959
1278 3485 1308 3545 si

275 3657 296 3721 ¹)
313 3653 385 3707 Hist
403 3655 478 3722 Synt.
498 3654 520 3718 Ι,
539 3654 554 3724 ξ
574 3655 616 3707 57.

275 3740 297 3805 ²)
314 3739 428 3794 Aubcr
445 3739 534 3792 Beitr.
553 3757 603 3793 zur
620 3740 682 3793 Lat.
702 3739 821 3793 Grumm.
841 3756 866 3807 p.
885 3741 918 3792 43
937 3757 978 3808 eq.

276 3825 300 3895 ⁸)
318 3825 360 3878 De
384 3823 436 3878 hac
463 3824 577 3878 ablativi
604 3825 693 3880 forma
721 3843 744 3877 v.
770 3826 906 3879 Biicheler
930 3825 963 3879 de
989 3826 1056 3880 decl.
1074 3843 1100 3894 p.
1120 3827 1169 3879 161
1189 3830 1216 3878 et
1235 3823 1308 3879 inira

154 3906 247 3964 ’stin
266 3910 318 3963 959
335 3908 382 3963 tlte
398 3908 472 3963 mitta
488 3927 638 3964 nummum.

278 3998 298 4063 ⁴)
324 3995 381 4050 Cir.
412 3996 558 4050 Succorum
587 3997 744 4050 tusental
774 3997 1048 4067 (Tausendzabl),
1070 3998 1142 4066 quod
1170 4000 1198 4052 in
1224 4014 1307 4052 unum

162 4079 334 4136 uocabulum
353 4081 461 4135 coaluit

276 4167 298 4234 ¹)
315 4165 409 4220 Editio
426 4167 453 4221 J.
470 4167 506 4220 H.
523 4166 671 4220 Schmalzii
690 4184 713 4221 a
735 4167 810 4220 1883.

278 4253 299 4320 ⁸)
315 4267 456 4306 nummum
473 4253 509 4320 B;
528 4267 652 4305 nummos
671 4251 749 4317 CFZ,
767 4267 848 4319 quom
867 4253 1010 4306 lectionem
1028 4257 1131 4323 recepit
1149 4255 1256 4325 Ussing.
