<?xml version="1.0" encoding="UTF-8"?>
<!DOCTYPE html PUBLIC "-//W3C//DTD XHTML 1.0 Transitional//EN"
    "http://www.w3.org/TR/xhtml1/DTD/xhtml1-transitional.dtd">
<html xmlns="http://www.w3.org/1999/xhtml" xml:lang="en" lang="en">
 <head>
  <title>
</title>
<meta http-equiv="Content-Type" content="text/html;charset=utf-8" />
  <meta name='ocr-system' content='tesseract 3.04.00' />
  <meta name='ocr-capabilities' content='ocr_page ocr_carea ocr_par ocr_line ocrx_word'/>
</head>
<body>
  <div class='ocr_page' id='page_1' title='image "./degenetiviapudp00blomgoog_0095.png"; bbox 0 0 2842 4890; ppageno 0'>
   <div class='ocr_carea' id='block_1_1' title="bbox 191 226 232 292">
    <p class='ocr_par' dir='ltr' id='par_1_1' title="bbox 191 226 232 292">
     <span class='ocr_line' id='line_1_1' title="bbox 191 226 232 292; baseline 0 0"><span class='ocrx_word' id='word_1_1' title='bbox 191 226 232 292; x_wconf 76' lang='lat' dir='ltr'><strong>ts</strong></span> 
     </span>
    </p>
   </div>
   <div class='ocr_carea' id='block_1_2' title="bbox 146 431 1273 623">
    <p class='ocr_par' dir='ltr' id='par_1_2' title="bbox 146 431 1273 623">
     <span class='ocr_line' id='line_1_2' title="bbox 146 431 1273 514; baseline 0.009 -21"><span class='ocrx_word' id='word_1_2' title='bbox 146 432 233 495; x_wconf 81' lang='lat' dir='ltr'><strong>neris</strong></span> <span class='ocrx_word' id='word_1_3' title='bbox 264 433 417 514; x_wconf 53' lang='lat' dir='ltr'><strong>praecisa</strong></span> <span class='ocrx_word' id='word_1_4' title='bbox 448 431 546 498; x_wconf 90' lang='lat' dir='ltr'><strong>Poen.</strong></span> <span class='ocrx_word' id='word_1_5' title='bbox 579 433 644 498; x_wconf 85' lang='grc'><strong>245</strong></span> <span class='ocrx_word' id='word_1_6' title='bbox 672 434 810 496; x_wconf 56' lang='lat' dir='ltr'><strong>dtamen</strong></span> <span class='ocrx_word' id='word_1_7' title='bbox 836 437 965 498; x_wconf 79' lang='lat' dir='ltr'><strong>seminis</strong></span> <span class='ocrx_word' id='word_1_8' title='bbox 994 456 1053 501; x_wconf 83' lang='lat' dir='ltr'><strong>nos</strong></span> <span class='ocrx_word' id='word_1_9' title='bbox 1078 457 1208 514; x_wconf 59' lang='lat' dir='ltr'><strong>summ</strong></span> <span class='ocrx_word' id='word_1_10' title='bbox 1230 438 1273 503; x_wconf 82' lang='lat' dir='ltr'><strong>iu</strong></span> 
     </span>
     <span class='ocr_line' id='line_1_3' title="bbox 146 535 1273 623; baseline 0.006 -24"><span class='ocrx_word' id='word_1_11' title='bbox 146 536 233 600; x_wconf 87' lang='lat' dir='ltr'><strong>hunc</strong></span> <span class='ocrx_word' id='word_1_12' title='bbox 265 535 373 600; x_wconf 85' lang='lat' dir='ltr'><strong>locum</strong></span> <span class='ocrx_word' id='word_1_13' title='bbox 407 535 593 602; x_wconf 78' lang='lat' dir='ltr'>dubitanter</span> <span class='ocrx_word' id='word_1_14' title='bbox 622 538 859 603; x_wconf 85' lang='lat' dir='ltr'><strong>constituerunt</strong></span> <span class='ocrx_word' id='word_1_15' title='bbox 887 536 989 604; x_wconf 86' lang='lat' dir='ltr'><strong>Goetz</strong></span> <span class='ocrx_word' id='word_1_16' title='bbox 1016 546 1049 605; x_wconf 85' lang='lat' dir='ltr'><strong>et</strong></span> <span class='ocrx_word' id='word_1_17' title='bbox 1075 540 1197 606; x_wconf 84' lang='lat' dir='ltr'><strong>Loewe</strong></span> <span class='ocrx_word' id='word_1_18' title='bbox 1217 556 1273 623; x_wconf 82' lang='lat' dir='ltr'><strong>pro</strong></span> 
     </span>
    </p>
   </div>
   <div class='ocr_carea' id='block_1_3' title="bbox 43 638 1274 726">
    <p class='ocr_par' dir='ltr' id='par_1_3' title="bbox 43 638 1274 726">
     <span class='ocr_line' id='line_1_4' title="bbox 43 638 1274 726; baseline 0.004 -22"><span class='ocrx_word' id='word_1_19' title='bbox 43 638 46 642; x_wconf 74' lang='grc'><strong>’</strong></span> <span class='ocrx_word' id='word_1_20' title='bbox 133 655 196 716; x_wconf 85' lang='lat' dir='ltr'><strong>ee,</strong></span> <span class='ocrx_word' id='word_1_21' title='bbox 228 638 316 721; x_wconf 91' lang='lat' dir='ltr'><strong>quod</strong></span> <span class='ocrx_word' id='word_1_22' title='bbox 339 646 389 703; x_wconf 88' lang='lat' dir='ltr'><strong>est</strong></span> <span class='ocrx_word' id='word_1_23' title='bbox 410 640 491 703; x_wconf 91' lang='lat' dir='ltr'><strong>inB</strong></span> <span class='ocrx_word' id='word_1_24' title='bbox 518 641 586 702; x_wconf 81' lang='lat' dir='ltr'><strong>eius</strong></span> <span class='ocrx_word' id='word_1_25' title='bbox 607 641 735 703; x_wconf 71' lang='lat' dir='ltr'><strong>sentinis</strong></span> <span class='ocrx_word' id='word_1_26' title='bbox 755 641 903 704; x_wconf 82' lang='lat' dir='ltr'><strong>mulieres</strong></span> <span class='ocrx_word' id='word_1_27' title='bbox 923 648 1006 706; x_wconf 73' lang='lat' dir='ltr'><strong>stent.</strong></span> <span class='ocrx_word' id='word_1_28' title='bbox 1050 640 1171 726; x_wconf 78' lang='lat' dir='ltr'><strong>Ussing</strong></span> <span class='ocrx_word' id='word_1_29' title='bbox 1192 643 1274 709; x_wconf 82' lang='lat' dir='ltr'><strong>hune</strong></span> 
     </span>
    </p>
   </div>
   <div class='ocr_carea' id='block_1_4' title="bbox 138 742 1288 2994">
    <p class='ocr_par' dir='ltr' id='par_1_4' title="bbox 138 742 1288 2994">
     <span class='ocr_line' id='line_1_5' title="bbox 146 742 1275 826; baseline 0.003 -19"><span class='ocrx_word' id='word_1_30' title='bbox 146 750 179 807; x_wconf 87' lang='lat' dir='ltr'><strong>et</strong></span> <span class='ocrx_word' id='word_1_31' title='bbox 207 749 397 825; x_wconf 82' lang='lat' dir='ltr'><strong>sequentem</strong></span> <span class='ocrx_word' id='word_1_32' title='bbox 425 761 554 808; x_wconf 87' lang='lat' dir='ltr'><strong>versum</strong></span> <span class='ocrx_word' id='word_1_33' title='bbox 577 744 706 826; x_wconf 89' lang='lat' dir='ltr'><strong>spurios</strong></span> <span class='ocrx_word' id='word_1_34' title='bbox 727 742 835 825; x_wconf 88' lang='lat' dir='ltr'><strong>habet,</strong></span> <span class='ocrx_word' id='word_1_35' title='bbox 858 744 940 810; x_wconf 88' lang='lat' dir='ltr'><strong>mire</strong></span> <span class='ocrx_word' id='word_1_36' title='bbox 962 745 1050 810; x_wconf 89' lang='lat' dir='ltr'><strong>enim</strong></span> <span class='ocrx_word' id='word_1_37' title='bbox 1072 745 1119 810; x_wconf 86' lang='lat' dir='ltr'><strong>ait</strong></span> <span class='ocrx_word' id='word_1_38' title='bbox 1142 747 1212 809; x_wconf 80' lang='lat' dir='ltr'><strong>eius</strong></span> <span class='ocrx_word' id='word_1_39' title='bbox 1230 764 1275 810; x_wconf 78' lang='lat' dir='ltr'><strong>ae-</strong></span> 
     </span>
     <span class='ocr_line' id='line_1_6' title="bbox 144 846 1276 932; baseline 0.005 -24"><span class='ocrx_word' id='word_1_40' title='bbox 144 847 240 909; x_wconf 75' lang='lat' dir='ltr'><strong>minis</strong></span> <span class='ocrx_word' id='word_1_41' title='bbox 262 846 324 911; x_wconf 87' lang='lat' dir='ltr'><strong>dici</strong></span> <span class='ocrx_word' id='word_1_42' title='bbox 346 865 405 929; x_wconf 90' lang='lat' dir='ltr'><strong>pro</strong></span> <span class='ocrx_word' id='word_1_43' title='bbox 429 847 512 911; x_wconf 91' lang='lat' dir='ltr'><strong>eius</strong></span> <span class='ocrx_word' id='word_1_44' title='bbox 535 848 699 928; x_wconf 83' lang='lat' dir='ltr'><strong>generis.</strong></span> <span class='ocrx_word' id='word_1_45' title='bbox 744 847 859 912; x_wconf 87' lang='lat' dir='ltr'><strong>Pseud.</strong></span> <span class='ocrx_word' id='word_1_46' title='bbox 884 849 967 913; x_wconf 83' lang='lat'>1196</span> <span class='ocrx_word' id='word_1_47' title='bbox 989 868 1080 931; x_wconf 78' lang='lat' dir='ltr'><strong>quem</strong></span> <span class='ocrx_word' id='word_1_48' title='bbox 1099 869 1160 932; x_wconf 75' lang='lat' dir='ltr'><strong>eqo</strong></span> <span class='ocrx_word' id='word_1_49' title='bbox 1179 848 1276 914; x_wconf 77' lang='lat' dir='ltr'><strong>lomi·</strong></span> 
     </span>
     <span class='ocr_line' id='line_1_7' title="bbox 144 947 1275 1035; baseline 0.006 -25"><span class='ocrx_word' id='word_1_50' title='bbox 144 970 214 1010; x_wconf 81' lang='lat' dir='ltr'><strong>nem</strong></span> <span class='ocrx_word' id='word_1_51' title='bbox 242 949 364 1011; x_wconf 69' lang='lat' dir='ltr'><strong>arellius</strong></span> <span class='ocrx_word' id='word_1_52' title='bbox 375 947 401 1033; x_wconf 73' lang='grc'><strong>1)</strong></span> <span class='ocrx_word' id='word_1_53' title='bbox 424 949 537 1012; x_wconf 81' lang='lat' dir='ltr'><strong>coloris</strong></span> <span class='ocrx_word' id='word_1_54' title='bbox 563 950 656 1025; x_wconf 74' lang='lat' dir='ltr'><strong>noui5</strong></span> <span class='ocrx_word' id='word_1_55' title='bbox 678 950 736 1015; x_wconf 89' lang='lat' dir='ltr'><strong>sed</strong></span> <span class='ocrx_word' id='word_1_56' title='bbox 759 969 888 1015; x_wconf 86' lang='lat' dir='ltr'><strong>versum</strong></span> <span class='ocrx_word' id='word_1_57' title='bbox 911 951 1043 1015; x_wconf 83' lang='lat' dir='ltr'><strong>seclusit</strong></span> <span class='ocrx_word' id='word_1_58' title='bbox 1065 950 1185 1035; x_wconf 79' lang='lat' dir='ltr'><strong>Ussing</strong></span> <span class='ocrx_word' id='word_1_59' title='bbox 1205 952 1275 1016; x_wconf 69' lang='lat' dir='ltr'><strong>ml·</strong></span> 
     </span>
     <span class='ocr_line' id='line_1_8' title="bbox 144 1052 1272 1138; baseline 0.005 -24"><span class='ocrx_word' id='word_1_60' title='bbox 144 1052 209 1115; x_wconf 76' lang='lat' dir='ltr'><strong>lias</strong></span> <span class='ocrx_word' id='word_1_61' title='bbox 230 1053 342 1115; x_wconf 82' lang='lat' dir='ltr'><strong>eoloris</strong></span> <span class='ocrx_word' id='word_1_62' title='bbox 368 1053 468 1117; x_wconf 86' lang='lat' dir='ltr'><strong>latine</strong></span> <span class='ocrx_word' id='word_1_63' title='bbox 495 1054 541 1117; x_wconf 90' lang='lat' dir='ltr'><strong>ita</strong></span> <span class='ocrx_word' id='word_1_64' title='bbox 568 1053 630 1116; x_wconf 87' lang='lat' dir='ltr'><strong>diei</strong></span> <span class='ocrx_word' id='word_1_65' title='bbox 654 1071 751 1135; x_wconf 90' lang='lat' dir='ltr'><strong>posse</strong></span> <span class='ocrx_word' id='word_1_66' title='bbox 773 1072 896 1136; x_wconf 84' lang='lat' dir='ltr'><strong>negans</strong></span> <span class='ocrx_word' id='word_1_67' title='bbox 919 1053 1000 1138; x_wconf 86' lang='lat' dir='ltr'><strong>(‚‚ita</strong></span> <span class='ocrx_word' id='word_1_68' title='bbox 1020 1054 1153 1137; x_wconf 77' lang='lat' dir='ltr'><strong>ignotus</strong></span> <span class='ocrx_word' id='word_1_69' title='bbox 1174 1061 1211 1120; x_wconf 88' lang='lat' dir='ltr'><strong>ut</strong></span> <span class='ocrx_word' id='word_1_70' title='bbox 1230 1054 1272 1137; x_wconf 77' lang='lat' dir='ltr'><strong>id,</strong></span> 
     </span>
     <span class='ocr_line' id='line_1_9' title="bbox 144 1154 1271 1240; baseline 0.004 -22"><span class='ocrx_word' id='word_1_71' title='bbox 144 1155 231 1236; x_wconf 93' lang='lat' dir='ltr'><strong>quod</strong></span> <span class='ocrx_word' id='word_1_72' title='bbox 264 1154 351 1220; x_wconf 91' lang='lat' dir='ltr'><strong>nullo</strong></span> <span class='ocrx_word' id='word_1_73' title='bbox 374 1155 484 1220; x_wconf 89' lang='lat' dir='ltr'><strong>colore</strong></span> <span class='ocrx_word' id='word_1_74' title='bbox 506 1156 687 1237; x_wconf 88' lang='lat' dir='ltr'><strong>praeditum</strong></span> <span class='ocrx_word' id='word_1_75' title='bbox 711 1157 805 1240; x_wconf 86' lang='lat' dir='ltr'><strong>est“),</strong></span> <span class='ocrx_word' id='word_1_76' title='bbox 830 1158 882 1221; x_wconf 88' lang='lat' dir='ltr'><strong>cui</strong></span> <span class='ocrx_word' id='word_1_77' title='bbox 904 1156 1118 1239; x_wconf 87' lang='lat' dir='ltr'><strong>adstipulatur</strong></span> <span class='ocrx_word' id='word_1_78' title='bbox 1140 1157 1271 1240; x_wconf 76' lang='lat' dir='ltr'><strong>Langon</strong></span> 
     </span>
     <span class='ocr_line' id='line_1_10' title="bbox 145 1256 1274 1344; baseline 0.003 -23"><span class='ocrx_word' id='word_1_79' title='bbox 145 1256 258 1341; x_wconf 86' lang='lat' dir='ltr'><strong>(Plaut.</strong></span> <span class='ocrx_word' id='word_1_80' title='bbox 285 1257 374 1322; x_wconf 89' lang='lat' dir='ltr'><strong>Stud.</strong></span> <span class='ocrx_word' id='word_1_81' title='bbox 403 1280 432 1341; x_wconf 91' lang='lat' dir='ltr'><strong>p.</strong></span> <span class='ocrx_word' id='word_1_82' title='bbox 455 1257 547 1343; x_wconf 81' lang='lat'><strong>365).·</strong></span> <span class='ocrx_word' id='word_1_83' title='bbox 570 1258 657 1341; x_wconf 91' lang='lat' dir='ltr'><strong>quod</strong></span> <span class='ocrx_word' id='word_1_84' title='bbox 680 1278 794 1324; x_wconf 87' lang='lat' dir='ltr'><strong>vereor</strong></span> <span class='ocrx_word' id='word_1_85' title='bbox 817 1278 858 1325; x_wconf 89' lang='lat' dir='ltr'><strong>ne</strong></span> <span class='ocrx_word' id='word_1_86' title='bbox 880 1261 997 1324; x_wconf 87' lang='lat' dir='ltr'><strong>iniuste</strong></span> <span class='ocrx_word' id='word_1_87' title='bbox 1018 1258 1152 1342; x_wconf 86' lang='lat' dir='ltr'><strong>faciant,</strong></span> <span class='ocrx_word' id='word_1_88' title='bbox 1175 1261 1274 1344; x_wconf 90' lang='lat' dir='ltr'><strong>siqui-</strong></span> 
     </span>
     <span class='ocr_line' id='line_1_11' title="bbox 144 1361 1274 1449; baseline 0.004 -24"><span class='ocrx_word' id='word_1_89' title='bbox 144 1361 218 1426; x_wconf 86' lang='lat' dir='ltr'><strong>dem</strong></span> <span class='ocrx_word' id='word_1_90' title='bbox 241 1362 320 1428; x_wconf 89' lang='lat' dir='ltr'><strong>Rud.</strong></span> <span class='ocrx_word' id='word_1_91' title='bbox 344 1364 405 1428; x_wconf 82' lang='grc'><strong>997</strong></span> <span class='ocrx_word' id='word_1_92' title='bbox 429 1383 489 1446; x_wconf 86' lang='lat' dir='ltr'><strong>quo</strong></span> <span class='ocrx_word' id='word_1_93' title='bbox 511 1363 640 1426; x_wconf 80' lang='lat' dir='ltr'><strong>colorest</strong></span> <span class='ocrx_word' id='word_1_94' title='bbox 662 1365 725 1428; x_wconf 80' lang='lat' dir='ltr'><strong>diei</strong></span> <span class='ocrx_word' id='word_1_95' title='bbox 748 1369 863 1447; x_wconf 81' lang='lat' dir='ltr'><strong>potest.</strong></span> <span class='ocrx_word' id='word_1_96' title='bbox 886 1401 930 1410; x_wconf 94' lang='lat'>-</span> <span class='ocrx_word' id='word_1_97' title='bbox 952 1363 1116 1431; x_wconf 83' lang='lat' dir='ltr'><strong>Genetivis</strong></span> <span class='ocrx_word' id='word_1_98' title='bbox 1136 1365 1274 1449; x_wconf 84' lang='lat' dir='ltr'><strong>qualita-</strong></span> 
     </span>
     <span class='ocr_line' id='line_1_12' title="bbox 143 1465 1273 1553; baseline 0.004 -26"><span class='ocrx_word' id='word_1_99' title='bbox 143 1465 185 1529; x_wconf 83' lang='lat' dir='ltr'><strong>tis</strong></span> <span class='ocrx_word' id='word_1_100' title='bbox 217 1467 316 1531; x_wconf 88' lang='lat' dir='ltr'><strong>etiam</strong></span> <span class='ocrx_word' id='word_1_101' title='bbox 349 1467 408 1531; x_wconf 91' lang='lat' dir='ltr'><strong>hos</strong></span> <span class='ocrx_word' id='word_1_102' title='bbox 437 1467 604 1549; x_wconf 80' lang='lat' dir='ltr'><strong>genetivos</strong></span> <span class='ocrx_word' id='word_1_103' title='bbox 634 1468 866 1532; x_wconf 87' lang='lat' dir='ltr'><strong>adnumeratos</strong></span> <span class='ocrx_word' id='word_1_104' title='bbox 895 1467 1004 1533; x_wconf 89' lang='lat' dir='ltr'><strong>velim:</strong></span> <span class='ocrx_word' id='word_1_105' title='bbox 1033 1466 1128 1532; x_wconf 87' lang='lat' dir='ltr'><strong>Most.</strong></span> <span class='ocrx_word' id='word_1_106' title='bbox 1151 1470 1194 1533; x_wconf 89' lang='grc'><strong>82</strong></span> <span class='ocrx_word' id='word_1_107' title='bbox 1219 1468 1273 1553; x_wconf 77' lang='lat' dir='ltr'><strong>qui</strong></span> 
     </span>
     <span class='ocr_line' id='line_1_13' title="bbox 142 1569 1272 1654; baseline 0.004 -24"><span class='ocrx_word' id='word_1_108' title='bbox 142 1569 207 1630; x_wconf 78' lang='lat' dir='ltr'><strong>nisi</strong></span> <span class='ocrx_word' id='word_1_109' title='bbox 239 1589 323 1632; x_wconf 68' lang='lat' dir='ltr'><strong>stunc</strong></span> <span class='ocrx_word' id='word_1_110' title='bbox 355 1570 447 1646; x_wconf 76' lang='lat' dir='ltr'><strong>reda,</strong></span> <span class='ocrx_word' id='word_1_111' title='bbox 476 1589 651 1652; x_wconf 82' lang='lat' dir='ltr'><strong>paucorum</strong></span> <span class='ocrx_word' id='word_1_112' title='bbox 679 1589 820 1632; x_wconf 69' lang='lat' dir='ltr'><strong>retensum</strong></span> <span class='ocrx_word' id='word_1_113' title='bbox 848 1576 923 1632; x_wconf 82' lang='lat' dir='ltr'><strong>suut</strong></span> <span class='ocrx_word' id='word_1_114' title='bbox 947 1570 1076 1633; x_wconf 81' lang='lat' dir='ltr'><strong>relictae</strong></span> <span class='ocrx_word' id='word_1_115' title='bbox 1102 1571 1272 1654; x_wconf 51' lang='lat' dir='ltr'><strong>reliquia&amp;</strong></span> 
     </span>
     <span class='ocr_line' id='line_1_14' title="bbox 142 1670 1269 1756; baseline 0.006 -24"><span class='ocrx_word' id='word_1_116' title='bbox 142 1670 182 1734; x_wconf 86' lang='lat' dir='ltr'><strong>dc</strong></span> <span class='ocrx_word' id='word_1_117' title='bbox 209 1690 274 1753; x_wconf 91' lang='lat' dir='ltr'><strong>quo</strong></span> <span class='ocrx_word' id='word_1_118' title='bbox 296 1671 413 1753; x_wconf 87' lang='lat' dir='ltr'><strong>Ussing</strong></span> <span class='ocrx_word' id='word_1_119' title='bbox 441 1671 617 1752; x_wconf 84' lang='lat' dir='ltr'><strong>,‚ciharia“,</strong></span> <span class='ocrx_word' id='word_1_120' title='bbox 645 1673 757 1754; x_wconf 87' lang='lat' dir='ltr'><strong>inquit,</strong></span> <span class='ocrx_word' id='word_1_121' title='bbox 790 1673 1039 1755; x_wconf 84' lang='lat' dir='ltr'><strong>„intelleguntur</strong></span> <span class='ocrx_word' id='word_1_122' title='bbox 1065 1678 1166 1756; x_wconf 89' lang='lat' dir='ltr'><strong>atque</strong></span> <span class='ocrx_word' id='word_1_123' title='bbox 1187 1672 1269 1739; x_wconf 89' lang='lat' dir='ltr'><strong>adeo</strong></span> 
     </span>
     <span class='ocr_line' id='line_1_15' title="bbox 141 1774 1271 1860; baseline 0.003 -24"><span class='ocrx_word' id='word_1_124' title='bbox 141 1775 281 1855; x_wconf 87' lang='lat' dir='ltr'><strong>pecunia</strong></span> <span class='ocrx_word' id='word_1_125' title='bbox 308 1793 373 1856; x_wconf 91' lang='lat' dir='ltr'><strong>qua</strong></span> <span class='ocrx_word' id='word_1_126' title='bbox 402 1792 442 1839; x_wconf 91' lang='lat' dir='ltr'><strong>ea</strong></span> <span class='ocrx_word' id='word_1_127' title='bbox 469 1776 576 1855; x_wconf 88' lang='lat' dir='ltr'><strong>parari</strong></span> <span class='ocrx_word' id='word_1_128' title='bbox 599 1778 770 1856; x_wconf 86' lang='lat' dir='ltr'><strong>possunt“;</strong></span> <span class='ocrx_word' id='word_1_129' title='bbox 792 1776 822 1839; x_wconf 93' lang='lat' dir='ltr'><strong>h.</strong></span> <span class='ocrx_word' id='word_1_130' title='bbox 846 1794 872 1841; x_wconf 88' lang='lat' dir='ltr'><strong>e.</strong></span> <span class='ocrx_word' id='word_1_131' title='bbox 895 1776 935 1842; x_wconf 88' lang='lat' dir='ltr'><strong>de</strong></span> <span class='ocrx_word' id='word_1_132' title='bbox 958 1793 993 1841; x_wconf 88' lang='lat' dir='ltr'><strong>re</strong></span> <span class='ocrx_word' id='word_1_133' title='bbox 1015 1775 1167 1841; x_wconf 82' lang='lat' dir='ltr'><strong>familiari</strong></span> <span class='ocrx_word' id='word_1_134' title='bbox 1187 1774 1271 1860; x_wconf 90' lang='lat' dir='ltr'><strong>quod</strong></span> 
     </span>
     <span class='ocr_line' id='line_1_16' title="bbox 142 1876 1272 1962; baseline 0.007 -23"><span class='ocrx_word' id='word_1_135' title='bbox 142 1876 300 1960; x_wconf 90' lang='lat' dir='ltr'><strong>reliquum</strong></span> <span class='ocrx_word' id='word_1_136' title='bbox 323 1884 373 1943; x_wconf 90' lang='lat' dir='ltr'><strong>est</strong></span> <span class='ocrx_word' id='word_1_137' title='bbox 395 1897 518 1959; x_wconf 90' lang='lat' dir='ltr'><strong>paucos</strong></span> <span class='ocrx_word' id='word_1_138' title='bbox 540 1896 669 1942; x_wconf 90' lang='lat' dir='ltr'><strong>menses</strong></span> <span class='ocrx_word' id='word_1_139' title='bbox 692 1877 835 1944; x_wconf 87' lang='lat' dir='ltr'><strong>sufficiet.</strong></span> <span class='ocrx_word' id='word_1_140' title='bbox 872 1877 1079 1960; x_wconf 88' lang='lat' dir='ltr'><strong>Quamquam</strong></span> <span class='ocrx_word' id='word_1_141' title='bbox 1100 1879 1156 1945; x_wconf 86' lang='lat' dir='ltr'><strong>hic</strong></span> <span class='ocrx_word' id='word_1_142' title='bbox 1178 1898 1272 1962; x_wconf 78' lang='lat' dir='ltr'><strong>gene·</strong></span> 
     </span>
     <span class='ocr_line' id='line_1_17' title="bbox 141 1978 1272 2047; baseline 0.004 -4"><span class='ocrx_word' id='word_1_143' title='bbox 141 1981 226 2044; x_wconf 88' lang='lat' dir='ltr'><strong>tivus</strong></span> <span class='ocrx_word' id='word_1_144' title='bbox 248 1980 331 2044; x_wconf 86' lang='lat' dir='ltr'><strong>sieut</strong></span> <span class='ocrx_word' id='word_1_145' title='bbox 351 1978 449 2045; x_wconf 91' lang='lat' dir='ltr'><strong>Poen.</strong></span> <span class='ocrx_word' id='word_1_146' title='bbox 478 1982 557 2046; x_wconf 86' lang='grc'>1263</span> <span class='ocrx_word' id='word_1_147' title='bbox 580 1982 746 2043; x_wconf 74' lang='lat' dir='ltr'><strong>irruiturum</strong></span> <span class='ocrx_word' id='word_1_148' title='bbox 769 2001 925 2044; x_wconf 66' lang='lat' dir='ltr'><strong>neruorum</strong></span> <span class='ocrx_word' id='word_1_149' title='bbox 946 1983 1090 2044; x_wconf 74' lang='lat' dir='ltr'><strong>›rtiserios</strong></span> <span class='ocrx_word' id='word_1_150' title='bbox 1110 2002 1199 2046; x_wconf 81' lang='lat' dir='ltr'><strong>nune</strong></span> <span class='ocrx_word' id='word_1_151' title='bbox 1219 1981 1272 2047; x_wconf 77' lang='lat' dir='ltr'><strong>lor</strong></span> 
     </span>
     <span class='ocr_line' id='line_1_18' title="bbox 140 2083 1271 2169; baseline 0.004 -23"><span class='ocrx_word' id='word_1_152' title='bbox 140 2084 301 2166; x_wconf 72' lang='lat' dir='ltr'><strong>reoluptate</strong></span> <span class='ocrx_word' id='word_1_153' title='bbox 331 2084 412 2164; x_wconf 85' lang='lat' dir='ltr'><strong>sedo,</strong></span> <span class='ocrx_word' id='word_1_154' title='bbox 447 2085 555 2166; x_wconf 90' lang='lat' dir='ltr'><strong>potius</strong></span> <span class='ocrx_word' id='word_1_155' title='bbox 581 2083 720 2149; x_wconf 85' lang='lat' dir='ltr'><strong>fortasse</strong></span> <span class='ocrx_word' id='word_1_156' title='bbox 755 2086 960 2167; x_wconf 81' lang='lat' dir='ltr'><strong>genetivus</strong></span> <span class='ocrx_word' id='word_1_157' title='bbox 990 2101 1199 2151; x_wconf 84' lang='lat' dir='ltr'><strong>mensurae</strong></span> <span class='ocrx_word' id='word_1_158' title='bbox 1221 2104 1271 2169; x_wconf 81' lang='lat' dir='ltr'><strong>ap</strong></span> 
     </span>
     <span class='ocr_line' id='line_1_19' title="bbox 139 2185 1270 2271; baseline 0.004 -20"><span class='ocrx_word' id='word_1_159' title='bbox 139 2188 251 2269; x_wconf 90' lang='lat' dir='ltr'><strong>peilari</strong></span> <span class='ocrx_word' id='word_1_160' title='bbox 272 2189 384 2271; x_wconf 85' lang='lat' dir='ltr'><strong>possit,</strong></span> <span class='ocrx_word' id='word_1_161' title='bbox 408 2189 463 2271; x_wconf 92' lang='lat' dir='ltr'><strong>qni</strong></span> <span class='ocrx_word' id='word_1_162' title='bbox 485 2206 560 2252; x_wconf 89' lang='lat' dir='ltr'><strong>cum</strong></span> <span class='ocrx_word' id='word_1_163' title='bbox 582 2188 732 2270; x_wconf 84' lang='lat' dir='ltr'><strong>genetivo</strong></span> <span class='ocrx_word' id='word_1_164' title='bbox 756 2188 920 2269; x_wconf 81' lang='lat' dir='ltr'><strong>qualitatis</strong></span> <span class='ocrx_word' id='word_1_165' title='bbox 942 2185 1091 2271; x_wconf 85' lang='lat' dir='ltr'><strong>proxime</strong></span> <span class='ocrx_word' id='word_1_166' title='bbox 1114 2196 1270 2271; x_wconf 79' lang='lat' dir='ltr'><strong>cognatus</strong></span> 
     </span>
     <span class='ocr_line' id='line_1_20' title="bbox 145 2289 1274 2373; baseline 0.003 -17"><span class='ocrx_word' id='word_1_167' title='bbox 145 2297 202 2356; x_wconf 90' lang='lat' dir='ltr'><strong>est.</strong></span> <span class='ocrx_word' id='word_1_168' title='bbox 246 2291 391 2372; x_wconf 88' lang='lat' dir='ltr'><strong>Denique</strong></span> <span class='ocrx_word' id='word_1_169' title='bbox 418 2310 477 2372; x_wconf 92' lang='lat' dir='ltr'><strong>pro</strong></span> <span class='ocrx_word' id='word_1_170' title='bbox 500 2291 649 2373; x_wconf 83' lang='lat' dir='ltr'><strong>genetivo</strong></span> <span class='ocrx_word' id='word_1_171' title='bbox 674 2290 837 2372; x_wconf 84' lang='lat' dir='ltr'><strong>qualitatis</strong></span> <span class='ocrx_word' id='word_1_172' title='bbox 859 2290 985 2356; x_wconf 90' lang='lat' dir='ltr'><strong>videtur</strong></span> <span class='ocrx_word' id='word_1_173' title='bbox 1006 2289 1185 2356; x_wconf 89' lang='lat' dir='ltr'><strong>habendun</strong></span> <span class='ocrx_word' id='word_1_174' title='bbox 1208 2306 1274 2359; x_wconf 84' lang='lat' dir='ltr'><strong>esse</strong></span> 
     </span>
     <span class='ocr_line' id='line_1_21' title="bbox 144 2393 1273 2479; baseline 0.001 -20"><span class='ocrx_word' id='word_1_175' title='bbox 144 2394 243 2459; x_wconf 83' lang='lat' dir='ltr'><strong>Stich.</strong></span> <span class='ocrx_word' id='word_1_176' title='bbox 278 2396 340 2460; x_wconf 83' lang='lat'><strong>383</strong></span> <span class='ocrx_word' id='word_1_177' title='bbox 369 2400 458 2476; x_wconf 83' lang='lat' dir='ltr'><strong>poste</strong></span> <span class='ocrx_word' id='word_1_178' title='bbox 490 2401 652 2475; x_wconf 63' lang='lat' dir='ltr'><strong>eloquente</strong></span> <span class='ocrx_word' id='word_1_179' title='bbox 685 2394 926 2476; x_wconf 22' lang='lat' dir='ltr'><strong>utvolttpeneram</strong></span> <span class='ocrx_word' id='word_1_180' title='bbox 956 2393 1065 2471; x_wconf 68' lang='lat' dir='ltr'><strong>resulto,</strong></span> <span class='ocrx_word' id='word_1_181' title='bbox 1100 2394 1191 2477; x_wconf 90' lang='lat' dir='ltr'><strong>quod</strong></span> <span class='ocrx_word' id='word_1_182' title='bbox 1219 2411 1273 2479; x_wconf 85' lang='lat' dir='ltr'><strong>pro</strong></span> 
     </span>
     <span class='ocr_line' id='line_1_22' title="bbox 144 2495 1279 2580; baseline 0.002 -19"><span class='ocrx_word' id='word_1_183' title='bbox 144 2498 351 2561; x_wconf 81' lang='lat' dir='ltr'><strong>inultorum</strong></span> <span class='ocrx_word' id='word_1_184' title='bbox 384 2515 572 2578; x_wconf 84' lang='lat' dir='ltr'><strong>generum</strong></span> <span class='ocrx_word' id='word_1_185' title='bbox 606 2495 669 2560; x_wconf 91' lang='lat' dir='ltr'><strong>dici</strong></span> <span class='ocrx_word' id='word_1_186' title='bbox 701 2496 878 2562; x_wconf 82' lang='lat' dir='ltr'><strong>Buecheler</strong></span> <span class='ocrx_word' id='word_1_187' title='bbox 911 2503 953 2580; x_wconf 85' lang='lat' dir='ltr'><strong>(p.</strong></span> <span class='ocrx_word' id='word_1_188' title='bbox 989 2495 1063 2580; x_wconf 86' lang='lat'>141)</span> <span class='ocrx_word' id='word_1_189' title='bbox 1097 2498 1279 2577; x_wconf 86' lang='lat' dir='ltr'><strong>contendit;</strong></span> 
     </span>
     <span class='ocr_line' id='line_1_23' title="bbox 144 2598 1280 2681; baseline -0.001 -17"><span class='ocrx_word' id='word_1_190' title='bbox 144 2601 231 2664; x_wconf 87' lang='lat' dir='ltr'><strong>Asin.</strong></span> <span class='ocrx_word' id='word_1_191' title='bbox 258 2600 321 2664; x_wconf 89' lang='grc'><strong>299</strong></span> <span class='ocrx_word' id='word_1_192' title='bbox 348 2605 421 2681; x_wconf 80' lang='lat' dir='ltr'><strong>quot</strong></span> <span class='ocrx_word' id='word_1_193' title='bbox 445 2598 550 2681; x_wconf 68' lang='lat' dir='ltr'><strong>potede</strong></span> <span class='ocrx_word' id='word_1_194' title='bbox 578 2598 629 2661; x_wconf 81' lang='lat' dir='ltr'><strong>ted</strong></span> <span class='ocrx_word' id='word_1_195' title='bbox 651 2618 714 2660; x_wconf 82' lang='lat' dir='ltr'><strong>esse</strong></span> <span class='ocrx_word' id='word_1_196' title='bbox 736 2618 839 2660; x_wconf 83' lang='lat' dir='ltr'><strong>censes</strong></span> <span class='ocrx_word' id='word_1_197' title='bbox 861 2599 998 2673; x_wconf 59' lang='lat' dir='ltr'><strong>necdum</strong></span> <span class='ocrx_word' id='word_1_198' title='bbox 1019 2598 1059 2662; x_wconf 85' lang='lat' dir='ltr'><strong>ih.</strong></span> <span class='ocrx_word' id='word_1_199' title='bbox 1083 2599 1145 2663; x_wconf 88' lang='lat'><strong>301</strong></span> <span class='ocrx_word' id='word_1_200' title='bbox 1169 2600 1280 2664; x_wconf 78' lang='lat' dir='ltr'><strong>nudus</strong></span> 
     </span>
     <span class='ocr_line' id='line_1_24' title="bbox 143 2700 1283 2784; baseline 0.001 -19"><span class='ocrx_word' id='word_1_201' title='bbox 143 2705 269 2766; x_wconf 76' lang='lat' dir='ltr'><strong>acinctus</strong></span> <span class='ocrx_word' id='word_1_202' title='bbox 296 2710 418 2765; x_wconf 76' lang='lat' dir='ltr'><strong>centurn</strong></span> <span class='ocrx_word' id='word_1_203' title='bbox 440 2701 582 2784; x_wconf 81' lang='lat' dir='ltr'><strong>pondo’s.</strong></span> <span class='ocrx_word' id='word_1_204' title='bbox 604 2739 647 2746; x_wconf 95' lang='lat'>—</span> <span class='ocrx_word' id='word_1_205' title='bbox 669 2700 716 2765; x_wconf 90' lang='lat' dir='ltr'><strong>De</strong></span> <span class='ocrx_word' id='word_1_206' title='bbox 738 2700 856 2766; x_wconf 81' lang='lat' dir='ltr'><strong>Bacch.</strong></span> <span class='ocrx_word' id='word_1_207' title='bbox 878 2703 898 2766; x_wconf 88' lang='lat'>9</span> <span class='ocrx_word' id='word_1_208' title='bbox 921 2701 980 2763; x_wconf 81' lang='lat' dir='ltr'><strong>illu</strong></span> <span class='ocrx_word' id='word_1_209' title='bbox 1003 2702 1063 2763; x_wconf 87' lang='lat' dir='ltr'><strong>mei</strong></span> <span class='ocrx_word' id='word_1_210' title='bbox 1084 2703 1283 2784; x_wconf 74' lang='lat' dir='ltr'><strong>oopnoms&#39;nis</strong></span> 
     </span>
     <span class='ocr_line' id='line_1_25' title="bbox 138 2803 1288 2890; baseline 0.003 -21"><span class='ocrx_word' id='word_1_211' title='bbox 138 2807 221 2890; x_wconf 79' lang='lat' dir='ltr'><strong>fait,</strong></span> <span class='ocrx_word' id='word_1_212' title='bbox 255 2813 287 2872; x_wconf 85' lang='lat' dir='ltr'><strong>et</strong></span> <span class='ocrx_word' id='word_1_213' title='bbox 320 2806 360 2870; x_wconf 88' lang='lat' dir='ltr'><strong>de</strong></span> <span class='ocrx_word' id='word_1_214' title='bbox 392 2805 485 2870; x_wconf 83' lang='lat' dir='ltr'><strong>Most.</strong></span> <span class='ocrx_word' id='word_1_215' title='bbox 513 2804 577 2868; x_wconf 90' lang='lat'><strong>814</strong></span> <span class='ocrx_word' id='word_1_216' title='bbox 603 2811 631 2865; x_wconf 82' lang='lat' dir='ltr'><strong>te</strong></span> <span class='ocrx_word' id='word_1_217' title='bbox 658 2824 723 2866; x_wconf 88' lang='lat' dir='ltr'><strong>esse</strong></span> <span class='ocrx_word' id='word_1_218' title='bbox 748 2803 881 2867; x_wconf 60' lang='lat' dir='ltr'><strong>laniant</strong></span> <span class='ocrx_word' id='word_1_219' title='bbox 910 2805 1017 2886; x_wconf 77' lang='lat' dir='ltr'><strong>inpeni</strong></span> <span class='ocrx_word' id='word_1_220' title='bbox 1043 2824 1072 2869; x_wconf 87' lang='lat' dir='ltr'><strong>v.</strong></span> <span class='ocrx_word' id='word_1_221' title='bbox 1099 2803 1185 2869; x_wconf 82' lang='lat' dir='ltr'><strong>infra</strong></span> <span class='ocrx_word' id='word_1_222' title='bbox 1219 2806 1288 2872; x_wconf 84' lang='lat' dir='ltr'><strong>sub</strong></span> 
     </span>
     <span class='ocr_line' id='line_1_26' title="bbox 143 2907 753 2994; baseline -0.008 -19"><span class='ocrx_word' id='word_1_223' title='bbox 143 2910 292 2994; x_wconf 82' lang='lat' dir='ltr'><strong>genetivo</strong></span> <span class='ocrx_word' id='word_1_224' title='bbox 315 2909 478 2975; x_wconf 88' lang='lat' dir='ltr'><strong>obiectivo</strong></span> <span class='ocrx_word' id='word_1_225' title='bbox 501 2915 533 2974; x_wconf 85' lang='lat' dir='ltr'><strong>et</strong></span> <span class='ocrx_word' id='word_1_226' title='bbox 555 2907 753 2989; x_wconf 91' lang='lat' dir='ltr'><strong>possessivo.</strong></span> 
     </span>
    </p>
   </div>
   <div class='ocr_carea' id='block_1_5' title="bbox 136 3111 1280 3818">
    <p class='ocr_par' dir='ltr' id='par_1_5' title="bbox 143 3111 1268 3302">
     <span class='ocr_line' id='line_1_27' title="bbox 248 3111 1268 3198; baseline -0.001 -17"><span class='ocrx_word' id='word_1_227' title='bbox 248 3116 334 3181; x_wconf 83' lang='lat' dir='ltr'><strong>inter</strong></span> <span class='ocrx_word' id='word_1_228' title='bbox 366 3115 534 3198; x_wconf 81' lang='lat' dir='ltr'><strong>genetivus</strong></span> <span class='ocrx_word' id='word_1_229' title='bbox 568 3113 732 3196; x_wconf 84' lang='lat' dir='ltr'><strong>qualitatis</strong></span> <span class='ocrx_word' id='word_1_230' title='bbox 766 3111 904 3196; x_wconf 87' lang='lat' dir='ltr'><strong>denique</strong></span> <span class='ocrx_word' id='word_1_231' title='bbox 938 3112 1158 3177; x_wconf 90' lang='lat' dir='ltr'><strong>numerandos</strong></span> <span class='ocrx_word' id='word_1_232' title='bbox 1192 3132 1268 3181; x_wconf 90' lang='lat' dir='ltr'><strong>esse</strong></span> 
     </span>
     <span class='ocr_line' id='line_1_28' title="bbox 143 3221 529 3302; baseline -0.01 -15"><span class='ocrx_word' id='word_1_233' title='bbox 143 3240 262 3288; x_wconf 85' lang='lat' dir='ltr'><strong>censeo</strong></span> <span class='ocrx_word' id='word_1_234' title='bbox 286 3238 353 3300; x_wconf 89' lang='lat' dir='ltr'><strong>eos,</strong></span> <span class='ocrx_word' id='word_1_235' title='bbox 377 3221 431 3302; x_wconf 94' lang='lat' dir='ltr'><strong>qui</strong></span> <span class='ocrx_word' id='word_1_236' title='bbox 455 3227 529 3284; x_wconf 90' lang='lat' dir='ltr'><strong>sunt</strong></span> 
     </span>
    </p>

    <p class='ocr_par' dir='ltr' id='par_1_6' title="bbox 136 3317 1280 3818">
     <span class='ocr_line' id='line_1_29' title="bbox 244 3317 1276 3410; baseline -0.005 -20"><span class='ocrx_word' id='word_1_237' title='bbox 244 3323 333 3410; x_wconf 82' lang='lat' dir='ltr'><strong>irugi</strong></span> <span class='ocrx_word' id='word_1_238' title='bbox 367 3323 477 3404; x_wconf 87' lang='lat' dir='ltr'><strong>bonae,</strong></span> <span class='ocrx_word' id='word_1_239' title='bbox 508 3341 590 3405; x_wconf 90' lang='lat' dir='ltr'><strong>quos</strong></span> <span class='ocrx_word' id='word_1_240' title='bbox 613 3340 686 3385; x_wconf 87' lang='lat' dir='ltr'><strong>curu</strong></span> <span class='ocrx_word' id='word_1_241' title='bbox 711 3318 810 3385; x_wconf 90' lang='lat' dir='ltr'><strong>verbo</strong></span> <span class='ocrx_word' id='word_1_242' title='bbox 833 3336 920 3384; x_wconf 89' lang='lat' dir='ltr'><strong>esse</strong></span> <span class='ocrx_word' id='word_1_243' title='bbox 943 3318 1109 3401; x_wconf 82' lang='lat' dir='ltr'><strong>coniungit</strong></span> <span class='ocrx_word' id='word_1_244' title='bbox 1130 3317 1276 3385; x_wconf 85' lang='lat' dir='ltr'><strong>Plautus.</strong></span> 
     </span>
     <span class='ocr_line' id='line_1_30' title="bbox 143 3420 1280 3511; baseline -0.008 -16"><span class='ocrx_word' id='word_1_245' title='bbox 143 3428 233 3511; x_wconf 79' lang='lat' dir='ltr'><strong>Capi.</strong></span> <span class='ocrx_word' id='word_1_246' title='bbox 256 3429 319 3494; x_wconf 85' lang='grc'><strong>956</strong></span> <span class='ocrx_word' id='word_1_247' title='bbox 342 3427 439 3489; x_wconf 76' lang='lat' dir='ltr'><strong>botrus</strong></span> <span class='ocrx_word' id='word_1_248' title='bbox 462 3427 517 3488; x_wconf 82' lang='lat' dir='ltr'><strong>uir</strong></span> <span class='ocrx_word' id='word_1_249' title='bbox 537 3443 709 3506; x_wconf 70' lang='lat' dir='ltr'><strong>narretquum</strong></span> <span class='ocrx_word' id='word_1_250' title='bbox 731 3443 829 3505; x_wconf 81' lang='lat' dir='ltr'><strong>neque</strong></span> <span class='ocrx_word' id='word_1_251' title='bbox 845 3421 946 3504; x_wconf 77' lang='lat' dir='ltr'><strong>fraqi</strong></span> <span class='ocrx_word' id='word_1_252' title='bbox 968 3420 1065 3483; x_wconf 84' lang='lat' dir='ltr'><strong>bonae</strong></span> <span class='ocrx_word' id='word_1_253' title='bbox 1086 3440 1186 3504; x_wconf 78' lang='lat' dir='ltr'><strong>neque</strong></span> <span class='ocrx_word' id='word_1_254' title='bbox 1208 3442 1280 3500; x_wconf 88' lang='lat' dir='ltr'><strong>ero,·</strong></span> 
     </span>
     <span class='ocr_line' id='line_1_31' title="bbox 143 3524 1279 3613; baseline -0.008 -16"><span class='ocrx_word' id='word_1_255' title='bbox 143 3530 215 3597; x_wconf 90' lang='lat' dir='ltr'><strong>Cas.</strong></span> <span class='ocrx_word' id='word_1_256' title='bbox 237 3532 298 3596; x_wconf 78' lang='grc'><strong>327</strong></span> <span class='ocrx_word' id='word_1_257' title='bbox 321 3530 476 3613; x_wconf 80' lang='lat' dir='ltr'><strong>siquidem</strong></span> <span class='ocrx_word' id='word_1_258' title='bbox 498 3535 532 3590; x_wconf 82' lang='lat' dir='ltr'><strong>tu</strong></span> <span class='ocrx_word' id='word_1_259' title='bbox 549 3527 650 3609; x_wconf 78' lang='lat' dir='ltr'><strong>srupt&#39;</strong></span> <span class='ocrx_word' id='word_1_260' title='bbox 671 3524 810 3600; x_wconf 83' lang='lat' dir='ltr'><strong>bonae&#39;s;</strong></span> <span class='ocrx_word' id='word_1_261' title='bbox 832 3524 929 3589; x_wconf 91' lang='lat' dir='ltr'><strong>Poen.</strong></span> <span class='ocrx_word' id='word_1_262' title='bbox 952 3524 1014 3588; x_wconf 87' lang='grc'><strong>845</strong></span> <span class='ocrx_word' id='word_1_263' title='bbox 1037 3524 1131 3606; x_wconf 83' lang='lat' dir='ltr'><strong>quasi</strong></span> <span class='ocrx_word' id='word_1_264' title='bbox 1151 3524 1220 3606; x_wconf 82' lang='lat' dir='ltr'><strong>ipse</strong></span> <span class='ocrx_word' id='word_1_265' title='bbox 1234 3527 1279 3588; x_wconf 79' lang='lat' dir='ltr'><strong>sit</strong></span> 
     </span>
     <span class='ocr_line' id='line_1_32' title="bbox 136 3625 1273 3718; baseline -0.004 -20"><span class='ocrx_word' id='word_1_266' title='bbox 136 3635 236 3718; x_wconf 77' lang='lat' dir='ltr'><strong>fraqi</strong></span> <span class='ocrx_word' id='word_1_267' title='bbox 258 3634 369 3709; x_wconf 65' lang='lat' dir='ltr'><strong>benaa·</strong></span> <span class='ocrx_word' id='word_1_268' title='bbox 391 3633 432 3696; x_wconf 90' lang='lat' dir='ltr'><strong>ib.</strong></span> <span class='ocrx_word' id='word_1_269' title='bbox 458 3632 539 3697; x_wconf 88' lang='grc'>1226</span> <span class='ocrx_word' id='word_1_270' title='bbox 562 3636 596 3692; x_wconf 78' lang='lat' dir='ltr'><strong>tu</strong></span> <span class='ocrx_word' id='word_1_271' title='bbox 614 3628 715 3711; x_wconf 77' lang='lat' dir='ltr'><strong>fraqi</strong></span> <span class='ocrx_word' id='word_1_272' title='bbox 737 3626 876 3703; x_wconf 79' lang='lat' dir='ltr'><strong>doaae&#39;s;</strong></span> <span class='ocrx_word' id='word_1_273' title='bbox 897 3625 1011 3691; x_wconf 92' lang='lat' dir='ltr'><strong>Pseud.</strong></span> <span class='ocrx_word' id='word_1_274' title='bbox 1033 3626 1097 3690; x_wconf 87' lang='grc'><strong>339</strong></span> <span class='ocrx_word' id='word_1_275' title='bbox 1119 3625 1197 3689; x_wconf 81' lang='lat' dir='ltr'><strong>dum</strong></span> <span class='ocrx_word' id='word_1_276' title='bbox 1217 3647 1273 3711; x_wconf 74' lang='lat' dir='ltr'><strong>eqo</strong></span> 
     </span>
     <span class='ocr_line' id='line_1_33' title="bbox 141 3728 1276 3818; baseline -0.006 -17"><span class='ocrx_word' id='word_1_277' title='bbox 141 3740 261 3815; x_wconf 70' lang='lat' dir='ltr'><strong>uittam,</strong></span> <span class='ocrx_word' id='word_1_278' title='bbox 290 3756 463 3818; x_wconf 67' lang='lat' dir='ltr'><strong>quitquam</strong></span> <span class='ocrx_word' id='word_1_279' title='bbox 489 3735 549 3796; x_wconf 77' lang='lat' dir='ltr'><strong>erit</strong></span> <span class='ocrx_word' id='word_1_280' title='bbox 573 3732 673 3814; x_wconf 77' lang='lat' dir='ltr'><strong>fraqi</strong></span> <span class='ocrx_word' id='word_1_281' title='bbox 695 3731 805 3806; x_wconf 70' lang='lat' dir='ltr'><strong>Iteratae,⁸</strong></span> <span class='ocrx_word' id='word_1_282' title='bbox 827 3729 868 3794; x_wconf 84' lang='lat' dir='ltr'><strong>ib.</strong></span> <span class='ocrx_word' id='word_1_283' title='bbox 890 3729 953 3794; x_wconf 89' lang='grc'><strong>468</strong></span> <span class='ocrx_word' id='word_1_284' title='bbox 977 3736 1080 3791; x_wconf 80' lang='lat' dir='ltr'><strong>tamen</strong></span> <span class='ocrx_word' id='word_1_285' title='bbox 1101 3748 1153 3791; x_wconf 87' lang='lat' dir='ltr'><strong>ero</strong></span> <span class='ocrx_word' id='word_1_286' title='bbox 1169 3728 1276 3813; x_wconf 74' lang='lat' dir='ltr'><strong>fraqi</strong></span> 
     </span>
    </p>
   </div>
   <div class='ocr_carea' id='block_1_6' title="bbox 142 3947 1279 4113">
    <p class='ocr_par' dir='ltr' id='par_1_7' title="bbox 142 3947 1279 4113">
     <span class='ocr_line' id='line_1_34' title="bbox 242 3947 1275 4031; baseline -0.013 -14"><span class='ocrx_word' id='word_1_287' title='bbox 242 3966 262 4031; x_wconf 90' lang='lat'><strong>¹)</strong></span> <span class='ocrx_word' id='word_1_288' title='bbox 280 3961 391 4030; x_wconf 68' lang='lat' dir='ltr'><strong>mallius,</strong></span> <span class='ocrx_word' id='word_1_289' title='bbox 411 3958 483 4028; x_wconf 92' lang='lat' dir='ltr'><strong>quod</strong></span> <span class='ocrx_word' id='word_1_290' title='bbox 502 3957 627 4011; x_wconf 85' lang='lat' dir='ltr'><strong>inlibris</strong></span> <span class='ocrx_word' id='word_1_291' title='bbox 646 3959 696 4023; x_wconf 84' lang='lat' dir='ltr'><strong>est,</strong></span> <span class='ocrx_word' id='word_1_292' title='bbox 716 3952 889 4006; x_wconf 86' lang='lat' dir='ltr'><strong>retinendum</strong></span> <span class='ocrx_word' id='word_1_293' title='bbox 908 3965 966 4005; x_wconf 88' lang='lat' dir='ltr'><strong>esse</strong></span> <span class='ocrx_word' id='word_1_294' title='bbox 985 3963 1080 4003; x_wconf 84' lang='lat' dir='ltr'><strong>censeo</strong></span> <span class='ocrx_word' id='word_1_295' title='bbox 1091 3947 1151 4017; x_wconf 84' lang='lat' dir='ltr'><strong>(eir.</strong></span> <span class='ocrx_word' id='word_1_296' title='bbox 1164 3949 1275 4004; x_wconf 78' lang='lat' dir='ltr'><strong>Lorsnz</strong></span> 
     </span>
     <span class='ocr_line' id='line_1_35' title="bbox 142 4033 1279 4113; baseline -0.01 -12"><span class='ocrx_word' id='word_1_297' title='bbox 142 4047 176 4101; x_wconf 88' lang='lat' dir='ltr'><strong>ad</strong></span> <span class='ocrx_word' id='word_1_298' title='bbox 200 4048 227 4101; x_wconf 84' lang='lat' dir='ltr'><strong>h.</strong></span> <span class='ocrx_word' id='word_1_299' title='bbox 251 4048 269 4100; x_wconf 89' lang='lat' dir='ltr'><strong>l.</strong></span> <span class='ocrx_word' id='word_1_300' title='bbox 293 4057 321 4101; x_wconf 82' lang='lat' dir='ltr'><strong>et</strong></span> <span class='ocrx_word' id='word_1_301' title='bbox 338 4046 437 4113; x_wconf 84' lang='lat' dir='ltr'><strong>Luchs,</strong></span> <span class='ocrx_word' id='word_1_302' title='bbox 457 4045 491 4098; x_wconf 89' lang='lat' dir='ltr'><strong>de</strong></span> <span class='ocrx_word' id='word_1_303' title='bbox 508 4047 596 4112; x_wconf 78' lang='lat' dir='ltr'><strong>genet</strong></span> <span class='ocrx_word' id='word_1_304' title='bbox 615 4057 642 4109; x_wconf 87' lang='lat' dir='ltr'><strong>p.</strong></span> <span class='ocrx_word' id='word_1_305' title='bbox 664 4040 715 4091; x_wconf 83' lang='grc'><strong>336</strong></span> <span class='ocrx_word' id='word_1_306' title='bbox 734 4043 789 4093; x_wconf 89' lang='lat' dir='ltr'><strong>not.</strong></span> <span class='ocrx_word' id='word_1_307' title='bbox 809 4039 824 4089; x_wconf 92' lang='lat'>1</span> <span class='ocrx_word' id='word_1_308' title='bbox 843 4037 872 4090; x_wconf 93' lang='lat' dir='ltr'><strong>in</strong></span> <span class='ocrx_word' id='word_1_309' title='bbox 889 4034 1069 4090; x_wconf 84' lang='lat' dir='ltr'><strong>studemundi</strong></span> <span class='ocrx_word' id='word_1_310' title='bbox 1086 4033 1186 4102; x_wconf 82' lang='lat' dir='ltr'><strong>Stud);</strong></span> <span class='ocrx_word' id='word_1_311' title='bbox 1205 4033 1279 4090; x_wconf 72' lang='lat' dir='ltr'><strong>malli</strong></span> 
     </span>
    </p>
   </div>
   <div class='ocr_carea' id='block_1_7' title="bbox 140 4128 616 4203">
    <p class='ocr_par' dir='ltr' id='par_1_8' title="bbox 140 4128 616 4203">
     <span class='ocr_line' id='line_1_36' title="bbox 140 4128 616 4203; baseline -0.015 -16"><span class='ocrx_word' id='word_1_312' title='bbox 140 4151 200 4187; x_wconf 85' lang='lat' dir='ltr'><strong>cum</strong></span> <span class='ocrx_word' id='word_1_313' title='bbox 218 4133 320 4203; x_wconf 78' lang='lat' dir='ltr'><strong>Pylade</strong></span> <span class='ocrx_word' id='word_1_314' title='bbox 338 4132 481 4202; x_wconf 87' lang='lat' dir='ltr'><strong>proposuit</strong></span> <span class='ocrx_word' id='word_1_315' title='bbox 499 4128 616 4183; x_wconf 86' lang='lat' dir='ltr'><strong>Ritschl.</strong></span> 
     </span>
    </p>
   </div>
   <div class='ocr_carea' id='block_1_8' title="bbox 0 0 1426 4890">
    <p class='ocr_par' dir='ltr' id='par_1_9' title="bbox 0 0 1426 4890">
     <span class='ocr_line' id='line_1_37' title="bbox 0 0 1426 4890; baseline 0 1"><span class='ocrx_word' id='word_1_316' title='bbox 0 0 1426 4890; x_wconf 95' lang='lat' dir='ltr'><strong> </strong></span> 
     </span>
    </p>
   </div>
  </div>
 </body>
</html>
