2842 4890
262 232 282 294 4

218 435 289 499 Aul.
314 435 372 498 121
397 434 478 496 rneai
493 432 577 514 fidei
599 434 728 517 ternique
749 434 797 495 rei
819 453 926 496 eausa.
950 470 990 479 —
1014 433 1048 496 ln
1071 431 1257 497 nominihus
1272 453 1350 514 pro-

219 538 297 619 priis
331 537 417 601 idem
450 535 601 600 suffixum
623 536 785 600 invenitur
806 534 924 600 Bacch.
947 537 1008 601 307
1032 535 1177 597 sacerdos
1199 534 1349 598 11111111-

218 640 278 701 nai
308 637 474 720 Ephesiae,
508 636 564 700 ubi
589 637 766 701 Buecheler
788 634 916 699 Dianm
938 638 1106 719 proposuit
1128 635 1171 721 (p.
1197 637 1285 721 105);
1307 637 1348 703 ib.

218 742 281 806 312
303 741 338 803 in
361 761 452 822 capse
475 740 550 802 aede
572 739 708 802 Dianai.
754 738 880 804 Graeca
901 740 1035 804 nomina
1058 741 1189 822 propria
1204 740 1349 807 similiter

219 845 339 909 cadunt
361 844 448 925 Epid.
471 843 533 908 246
556 841 757 924 Periphanai
764 841 875 922 filium
882 861 893 920 ;
916 841 956 906 ib.
979 843 1052 922 508,
1076 845 1140 908 635
1161 841 1296 924 (filiam)
1309 842 1348 928 ι);

218 946 303 1011 Trin.
337 948 400 1011 359
426 943 612 1008 Charmidai
626 945 718 1026 fiam
751 945 849 1010 Poen.
875 946 958 1010 1045
980 945 1170 1008 Antidamai
1191 945 1348 1027 adoptati-

217 1051 316 1127 eium;
331 1049 385 1113 ubi
399 1068 472 1112 cum
484 1047 513 1111 A
526 1049 737 1124 Aeetidamati,
754 1049 869 1130 reliqui
880 1047 1148 1111 Anthidamamlti
1158 1047 1347 1130 praebeant,

218 1154 316 1218 etiam
338 1151 413 1215 Brix
436 1150 491 1233 (ad
513 1149 598 1214 Trin.
621 1149 699 1234 359)
718 1151 804 1215 banc
818 1150 926 1216 Bothii
941 1151 1114 1216 lectionem
1130 1150 1261 1215 dubiam
1275 1169 1348 1219 esse

218 1262 329 1321 censet
352 1254 419 1337 (cir.
443 1252 541 1318 Poen.
566 1255 646 1318 1047
671 1255 864 1316 Antidamae
884 1260 1025 1335 ¹(nmium,
1049 1254 1092 1317 ih.
1119 1252 1222 1338 1042).

320 1375 373 1422 -ae
410 1358 540 1422 solitum
573 1355 722 1420 suffixum
757 1356 897 1438 genetivi
934 1356 1106 1437 singularis
1144 1357 1349 1422 substantiva

217 1462 340 1543 primae
363 1459 586 1525 declinationis
610 1460 727 1522 ceteris
748 1460 829 1523 locis
852 1458 982 1523 hahent.

320 1561 366 1626 -ei
401 1560 550 1626 suffixum
581 1562 722 1643 genetivi
744 1562 917 1644 singularis
938 1563 972 1627 in
995 1563 1109 1645 quinta
1131 1562 1349 1630 declinatione

217 1672 408 1748 usurpatum
440 1682 539 1746 supra
570 1664 708 1728 vidimus
742 1665 776 1727 in
809 1665 953 1730 secunda
986 1683 1117 1747 quoque
1139 1665 1283 1730 inveniri
1306 1702 1349 1714 -

217 1768 263 1835 De
285 1768 373 1848 Epid.
397 1768 437 1832 51
461 1767 534 1829 nitri
557 1765 611 1831 cfr.
634 1765 718 1830 infra
740 1774 844 1848 genet.
867 1768 968 1849 pretii.

320 1887 354 1934 -e
387 1889 446 1952 pro
482 1871 527 1930 -ei
560 1870 602 1933 ad
635 1871 820 1951 genetivum
855 1870 1062 1953 delirumque
1085 1871 1293 1937 formandum
1313 1872 1348 1936 in

217 1974 331 2057 quinta
357 1973 574 2038 declinatione
602 1973 643 2037 ab
674 1974 816 2056 antiquis
839 1975 1050 2056 scriptoribus
1074 1974 1252 2040 adhibitum
1274 1994 1348 2043 esse

216 2082 331 2141 notum
364 2081 422 2141 est.
467 2074 573 2158 Atque
606 2076 705 2140 etiam
736 2094 756 2139 a
782 2076 897 2142 Plauto
920 2077 970 2141 his
992 2077 1073 2142 locis
1095 2079 1279 2159 genetivum
1301 2079 1348 2144 ita

215 2180 370 2261 scriptum
395 2197 466 2244 esse
488 2178 661 2243 verisimile
684 2186 742 2259 est,
778 2180 927 2261 quamvis
955 2179 1025 2243 libri
1053 2182 1265 2263 manuscripti
1290 2181 1349 2245 ali·

216 2301 271 2347 am
297 2281 436 2347 formam
458 2280 649 2364 praebeant:
681 2281 771 2363 Capt.
795 2285 858 2348 800
875 2283 1005 2364 faciam
1026 2290 1062 2346 nt
1083 2283 1179 2346 laninas
1201 2284 1347 2347 171111111-

216 2405 274 2468 que
305 2386 425 2468 meique
456 2404 576 2466 semper
603 2385 793 2460 meminerim
825 2385 883 2449 uhi
910 2385 1014 2449 Bothe
1036 2386 1088 2448 die
1108 2387 1248 2451 restituit
1270 2387 1347 2471 (diei

216 2485 310 2566 libri).
353 2487 433 2551 Item
466 2485 535 2549 Aul.
569 2487 631 2551 617
666 2487 701 2548 in
728 2487 815 2568 fano
853 2487 948 2563 etan
983 2506 1060 2551 nam
1092 2495 1175 2554 teste
1199 2487 1346 2555 Charisia

215 2589 348 2653 Plautus
382 2589 531 2670 genetivo
566 2589 643 2653 dixit
669 2588 739 2669 fide
767 2589 810 2673 (v.
835 2590 910 2654 Brix
933 2591 975 2654 ad
1002 2590 1087 2655 Trin.
1112 2591 1194 2676 117).
1217 2627 1259 2637 -
1281 2590 1346 2658 Sed

214 2691 277 2756 Mil.
301 2690 383 2754 1172
400 2691 533 2771 faciem,
551 2691 802 2772 pulcritudinem
824 2692 1021 2769 rotelandam,
1045 2694 1100 2758 ubi
1124 2714 1199 2759 cum
1220 2699 1252 2759 et
1269 2694 1298 2757 A
1313 2701 1347 2760 et

215 2793 314 2859 ceteri
344 2792 474 2858 codices
491 2793 616 2874 faciem
638 2793 820 2874 exhibeant,
844 2795 952 2859 Bothii
975 2796 1235 2861 emendationem
1253 2797 1346 2878 faeie

214 2902 303 2961 recte
333 2895 425 2960 reicit
453 2893 554 2960 Goetz
588 2895 686 2978 (Bria,
710 2895 849 2981 Ussing).
893 2898 981 2962 Idem
1011 2898 1125 2964 Pseud.
1151 2900 1232 2964 1158
1257 2900 1346 2963 uides

213 2998 279 3061 iam
300 2997 382 3059 diem
404 2999 537 3059 inultum
552 3017 615 3060 esse
630 3016 669 3063 ex
686 2998 715 3061 A
731 2999 869 3081 scripsit,
886 3018 925 3064 ex
941 3000 966 3064 B
982 3006 1092 3066 autem
1107 3002 1158 3065 die
1172 3002 1296 3067 Bitschl
1310 3001 1345 3086 ²).

215 3097 338 3166 Ceteris
371 3100 460 3180 tocie,
494 3118 576 3182 quos
610 3099 714 3165 adfert
746 3101 823 3165 Brix
856 3103 899 3166 ad
927 3102 1011 3168 Trin.
1037 3106 1107 3183 117,
1132 3104 1290 3169 dativus
1311 3105 1346 3168 in

214 3223 247 3265 -e
268 3203 394 3268 desinit.

316 3321 369 3369 -as
393 3310 495 3369 ,vetus
526 3310 575 3369 est
608 3303 756 3370 suffixum
789 3308 930 3388 genetivi
963 3309 1145 3391 singularis
1180 3328 1200 3374 a
1228 3309 1344 3376 Plauto

211 3408 355 3492 positum
381 3407 496 3489 Amph.
531 3407 590 3472 831
625 3415 757 3471 matrem
773 3411 943 3492 familiam
975 3411 1070 3477 Merc.
1093 3412 1168 3493 405,
1201 3412 1242 3477 ib.
1263 3413 1344 3494 4153

213 3510 312 3577 Stich.
344 3512 385 3576 98
419 3518 535 3573 matres
562 3510 726 3593 familias,
764 3512 819 3577 ubi
850 3513 958 3595 prisca
990 3515 1044 3580 illa
1077 3513 1183 3580 forma
1204 3516 1345 3597 genetivi

213 3614 383 3695 singularis
416 3613 581 3693 retinetur,
619 3632 818 3697 quamquam
851 3615 884 3678 in
914 3617 1028 3698 plurali
1051 3637 1187 3684 numero
1209 3626 1344 3701 apparet

212 3722 336 3779 matres.
380 3715 469 3779 Haec
496 3715 637 3796 genetivi
665 3715 771 3780 forma
792 3716 826 3779 in
847 3717 899 3782 BF
921 3718 1083 3785 invenitur
1104 3721 1204 3786 etiam
1226 3720 1343 3804 Amph.

212 3837 279 3901 arg.
309 3818 343 3899 ll,
374 3820 390 3882 1
425 3837 530 3880 amam
562 3825 672 3900 eaptus
704 3820 897 3884 Alcumenas
930 3828 962 3888 et
985 3824 1135 3888 restituta
1157 3830 1206 3889 est
1227 3823 1344 3908 Amph.

315 4061 334 4124 ¹)
352 4057 518 4125 Periphanai
535 4059 631 4129 Bothe,
647 4060 794 4128 perepiani
807 4061 879 4116 JFZ.

315 4145 338 4212 ²)
355 4143 409 4196 Cir.
429 4145 577 4198 Buecheler
595 4146 613 4199 l.
631 4146 649 4199 l.
667 4162 692 4213 p.
712 4146 769 4199 114.
