2902 4890
196 296 241 373 ,72

157 502 351 584 6896666666
376 519 455 576 essa·
484 500 553 565 Aul.
576 502 638 567 723
657 501 903 583 perditieeumae
924 517 978 582 epo
1000 516 1070 560 eum
1091 493 1231 557 emnium
1250 490 1285 552 iu

158 612 260 680 terrm·
291 602 384 669 Most.
422 605 482 669 911
518 605 608 686 leupo
640 605 779 667 amatam
811 603 1050 686 loupieeuutaat3
1081 598 1197 679 Amph.
1223 596 1285 663 ott

159 726 253 790 quam
281 707 420 769 omnium
450 704 564 769 Thebis
585 707 640 769 uir
661 726 759 768 auum
781 725 845 769 6666
866 711 1025 788 optumam
1046 702 1214 767 diiudicat.
1251 699 1287 764 In

158 809 222 874 hoe
249 809 407 891 exemplo,
437 809 525 892 quod
553 811 700 892 proxime
726 809 825 890 attuli,
854 807 1041 892 superlativi
1063 805 1155 870 notio
1177 803 1289 870 addite

157 931 239 978 voce
260 913 357 975 66666
378 919 515 994 augetur
537 919 569 978 et
592 913 802 978 confirmatur
824 911 893 997 (eir.
915 911 999 976 inira
1020 911 1102 976 Rud.
1125 907 1206 993 prol.
1221 905 1297 992 70).

156 1015 252 1081 Mero.
274 1016 316 1081 69
338 1014 384 1078 tbi
403 1015 500 1078 multe
517 1017 661 1098 primum
682 1036 747 1079 sese
762 1017 988 1098 familiarium
1005 1014 1200 1078 laborauieee
1215 1006 1283 1095 (ofr.

162 1137 261 1202 supra
278 1118 421 1200 6666666
442 1137 518 1184 oum
539 1125 644 1201 genet.
667 1118 877 1203 quantitatis).
912 1118 985 1186 Cas.
1005 1118 1067 1184 793
1082 1115 1260 1180 6661666..
1274 1161 1290 1192 .,

157 1241 380 1304 pessumarum
396 1241 555 1304 pessuma.
587 1220 780 1288 Posterioris
799 1222 928 1304 generis
942 1223 1025 1287 haee
1039 1225 1115 1285 sunt
1129 1219 1290 1302 exempla:

166 1324 256 1407 Capt.
277 1325 341 1389 333
362 1330 522 1408 optumam
543 1345 617 1388 6666
637 1331 841 1408 optumusque
855 1324 1015 1388 homiuum
1029 1344 1061 1387 66
1075 1323 1179 1398 aava·
1199 1321 1296 1388 Most.

137 1429 237 1493 593-
259 1434 325 1505 tan,
359 1428 498 1491 omnium
529 1425 690 1491 1666666666
722 1427 810 1492 hemo
843 1435 1037 1504 taeterruma
1071 1425 1187 1489 uenisti
1219 1424 1294 1501 tua·

163 1531 238 1596 Aul..
264 1532 325 1596 227
359 1530 447 1594 uenit
478 1531 523 1593 mi
548 1532 582 1594 in
612 1538 752 1613 mentem,
774 1531 953 1614 factiosum
982 1551 1030 1592 me
1051 1548 1115 1592 6666
1136 1527 1292 1591 homiuem

160 1655 341 1717 pauperum
362 1654 624 1716 pauperrimam,
652 1636 714 1700 nisi
741 1635 823 1702 forte
851 1637 893 1700 ad
915 1635 1003 1718 prius
1026 1653 1128 1716 genus
1150 1630 1295 1698 referen-

166 1739 246 1802 dum·
271 1744 320 1803 est
342 1736 410 1822 (cir.
437 1756 536 1821 supra
558 1741 745 1802 miserorum
770 1738 997 1825 6666666666).
1041 1737 1121 1802 Rud.
1148 1735 1228 1819 prol.
1252 1734 1295 1800 70

165 1861 240 1904 uam
260 1842 420 1903 Arcturus
440 1841 566 1924 etp-ream
588 1862 657 1905 6666
680 1844 817 1906 omittam
832 1863 931 1907 66666
944 1860 1162 1915 ateramum
1175 1837 1296 1921 Amph.

166 1943 244 2012 648¹>
271 1945 377 2006 uirtus
398 1951 557 2027 optumum
574 1949 783 2028 praaaiumst
803 1955 1006 2030 optumarum.

269 2048 346 2108 Cum
369 2052 414 2108 his
436 2052 615 2110 eonferenda
636 2063 707 2112 sunt
728 2073 763 2112 ea
785 2057 928 2132 exempla,
951 2055 1005 2113 ubi

271 2169 311 2216 ex
334 2173 402 2212 oum
425 2157 554 2214 ablativo
577 2155 713 2216 iunctum
735 2176 774 2217 ex
796 2159 977 2234 superlativo
1000 2157 1115 2233 pendet.
1157 2155 1234 2212 Trin
1256 2153 1300 2212 94

167 2258 203 2313 66
225 2242 326 2301 amieis
347 2241 434 2301 certis
456 2243 549 2302 miae
571 2244 771 2317 6666666666,Ι
793 2244 885 2302 Poeu.
910 2244 991 2304 1203
1014 2243 1065 2301 sed
1086 2243 1137 2300 hoe
1158 2239 1295 2299 smaltis

165 2331 380 2399 maxumamst;
402 2326 494 2388 Stich.
521 2330 581 2391 120
603 2348 640 2390 66
661 2331 748 2390 ruatis
769 2331 869 2390 multis
883 2330 991 2390 6666666
1005 2329 1081 2405 quod
1095 2328 1293 2395 ruiuumumet,

166 2414 198 2472 td
219 2415 371 2473 miuamest
391 2415 508 2473 melum.

268 2500 571 2557 Animadvertendum
594 2514 638 2558 est
660 2500 716 2558 hoe
739 2520 858 2577 quoque
880 2502 1049 2576 exemptum
1072 2498 1156 2575 Oapt.
1180 2497 1245 2556 822
1269 2500 1298 2555 et

163 2588 312 2659 petronem
336 2589 362 2642 et
384 2584 528 2645 domiuum
550 2585 670 2645 reddam
693 2588 826 2646 mortalis
848 2587 1045 2647 miserramoe.

270 2684 341 2750 Duo
375 2687 549 2766 genetivi
583 2688 716 2769 pretii,
751 2689 805 2771 qui
832 2687 1062 2770 superlativam
1089 2684 1210 2749 habent
1238 2700 1302 2747 no-

166 2789 299 2866 tionem,
336 2789 520 2870 genetivum
552 2790 738 2871 partitivum
773 2789 834 2855 sibi
873 2790 1059 2855 adsciscunt
1104 2786 1191 2871 Epid.
1228 2786 1294 2850 502

164 2892 277 2974 fateor
308 2910 356 2953 666
389 2891 528 2954 omnium
559 2892 719 2956 1666666666
752 2914 815 2957 6666
847 2891 981 2956 Athenis
1015 2891 1132 2954 Atticis
1164 2889 1302 2950 minuati

165 2997 266 3078 preti;
291 2995 353 3061 Mil.
382 2997 444 3064 558
468 3003 565 3061 rotun
578 3017 619 3077 es,
649 2997 710 3075 die,
740 3018 787 3060 666
812 2995 967 3060 homiuem
988 3015 1052 3057 6666
1079 2994 1217 3056 emerium
1240 2990 1300 3054 mi·

170 3101 260 3161 66666
276 3102 371 3182 preti.

275 3205 323 3266 Ex
346 3209 446 3266 eodem
469 3211 607 3286 genetivo
631 3209 714 3284 pretii
739 3207 923 3265 accusativus
947 3223 1014 3261 eum
1037 3205 1103 3262 aute
1125 3201 1308 3259 coniunctus

174 3299 282 3382 pendet
303 3302 390 3360 Asin.
420 3296 483 3354 858
505 3299 576 3357 sotto
597 3295 679 3354 titum
702 3298 768 3353 aute
790 3309 885 3351 666666
907 3290 1027 3350 minuati
1047 3287 1198 3347 mortalem
1214 3286 1308 3360 preti.

275 3402 376 3469 Paulo
388 3399 517 3465 liberius
533 3397 575 3462 ad
597 3395 827 3478 superlativam
840 3393 1007 3456 notionem
1018 3389 1068 3453 his
1080 3388 1159 3453 loeis
1171 3404 1307 3451 666066-

173 3511 325 3576 modatus
341 3512 390 3572 est
401 3504 569 3586 genetivus
581 3500 762 3583 partitivus:
779 3497 871 3561 True.
887 3496 951 3561 590
967 3513 1014 3576 sq.
1030 3513 1077 3554 666
1092 3491 1183 3554 illem
1196 3508 1308 3552 amare

174 3609 313 3678 omnium
326 3610 513 3692 plurumum
532 3603 692 3667 homiuum
707 3620 795 3663 erum
809 3605 894 3662 tuem
915 3594 1022 3682 (519),·
1035 3613 1141 3677 666666
1155 3590 1305 3654 honorem

171 3718 224 3781 illi
237 3714 349 3778 habere
363 3713 501 3776 'omnium
515 3727 713 3781 6666666666·
728 3704 844 3787 quibus
859 3701 939 3767 loeis
955 3696 1162 3763 manifestum
1178 3700 1228 3760 est
1243 3711 1303 3774 ge-

173 3820 318 3886 netivum
332 3835 407 3882 cum
422 3813 501 3898 ipsis
516 3809 719 3894 superlativis
729 3808 917 3889 pluremum
932 3802 1034 3888 (Loeh
1046 3821 1074 3882 p.
1089 3799 1141 3879 19)
1154 3802 1186 3862 et
1198 3797 1306 3860 maei-

172 3942 258 3986 66666
272 3939 331 4005 per
345 3938 381 3985 se
396 3917 547 3999 coniungi
563 3933 630 3979 non
645 3929 751 3995 posse,
769 3908 1041 3990 cumplurimum
1055 3903 1194 3965 omnium
1204 3898 1305 3962 hani-

172 4046 256 4103 666,
281 4025 307 4088 si
330 4025 375 4087 ita
397 4018 611 4100 coniungitur,
630 4015 709 4079 nihil
726 4012 813 4077 aliud
835 4009 991 4092 significet
1014 4014 1113 4089 atque
1138 4002 1302 4068 maxima

174 4148 264 4213 pars
286 4126 490 4190 hominum
513 4119 691 4199 omnium,
714 4115 860 4178 56666666
880 4130 1064 4175 6666666666
1085 4108 1223 4171 omnium
1245 4122 1306 4168 au-

172 4241 239 4299 tem
256 4230 312 4315 (sc.
327 4228 531 4304 hominum,
549 4221 636 4306 quod
658 4219 794 4285 verbum
818 4235 857 4283 ex
880 4211 1092 4295 congruentia
1115 4229 1189 4275 eum
1213 4226 1310 4273 versu
