2842 4890
1193 267 1233 332 37

148 474 238 534 ruitae
263 471 307 533 od
335 478 467 534 oetatem
492 472 654 553 aquodam
666 471 704 557 1);
735 472 796 536 Mil.
819 474 881 538 236
904 492 1000 555 mque
1021 471 1111 536 dohet
1127 473 1203 554 plns
1224 492 1278 534 sa-

142 574 287 657 pientiae
312 594 407 656 quam
433 574 531 656 lopis‚·
564 573 636 640 Ces.
658 578 721 641 356
738 577 815 658 plus
835 574 1024 657 urtifimmst
1045 576 1089 637 mi
1111 595 1206 658 quum
1226 595 1276 637 m-

148 679 228 754 dur3
257 678 349 743 True.
374 678 418 744 64
445 698 520 740 noro
546 699 630 741 mnino
658 681 802 742 lenonum
823 687 852 742 et
871 687 1044 742 scortorum
1065 678 1117 741 iio
1133 678 1209 760 plus
1233 684 1277 741 eet

142 781 222 864 fero
244 778 311 865 (65)
333 800 428 862 quom
449 781 522 843 olim
544 789 761 862 eiuscommst,
789 802 880 865 quom
901 784 1022 845 colet-m
1043 800 1203 856 riioxumm
1236 779 1278 844 ib.

147 885 193 949 69
214 889 296 945 oorto
317 883 381 945 scio
402 882 471 946 lteri
487 884 564 966 ptus
584 891 757 948 scortorum
772 886 882 967 ,fuisse
901 886 966 947 ium
980 905 1075 968 quoio
1084 884 1276 966 ponderum

148 985 220 1051 Aul.
242 987 306 1052 505
323 988 400 1068 plus
416 988 636 1068 plaustrorum
657 989 692 1050 iu
714 987 844 1051 oedibus
865 988 990 1064 uideam
1012 988 1098 1070 Epid.
1114 987 1177 1054 675
1197 987 1279 1048 doo-

147 1090 249 1151 decim
275 1089 342 1152 deis
362 1091 439 1172 plue
467 1111 562 1173 quum
590 1092 625 1154 m
654 1093 737 1154 coelo
764 1093 922 1154 deorumst
946 1091 1173 1154 immortalium
1201 1088 1280 1152 milui

147 1213 235 1255 murto.
254 1194 377 1256 auxilio
398 1194 558 1256 adiutores
579 1202 667 1271 suut·
689 1196 874 1277 genetivum
896 1213 936 1261 ex
950 1196 1028 1277 plus
1041 1195 1182 1276 pendere
1197 1211 1275 1259 oen-

149 1305 200 1361 set
222 1297 311 1361 Loeh
334 1296 375 1379 (p.
400 1295 463 1380 14),
494 1298 580 1379 quod
610 1299 774 1380 quomodo
797 1298 1022 1380 explicandum
1045 1298 1095 1377 sit,
1126 1297 1275 1379 equidem

148 1419 218 1464 non
239 1399 400 1481 intelleg0,
422 1400 484 1464 nisi
505 1419 564 1483 per
584 1401 735 1466 vitiosam
758 1401 922 1484 quandam
945 1401 1178 1466 sententiarum
1197 1418 1277 1464 eon-

147 1502 310 1567 iusionem
342 1501 492 1567 Plautum
523 1503 569 1567 ita
601 1504 744 1568 locutum
777 1523 849 1569 esse
882 1511 1039 1586 putemne.
1085 1501 1275 1568 Genetivum

147 1605 248 1687 paulo
269 1604 399 1669 liberius
421 1606 529 1687 posuit
550 1612 656 1688 poeta,
679 1608 771 1689 quusi
793 1607 821 1670 si
843 1625 997 1673 numerus
1017 1605 1149 1688 quidam
1168 1605 1277 1670 ineer—
1305 1681 1309 1688 .

146 1715 202 1773 tus
225 1708 437 1792 (quantum,
460 1709 532 1790 vis,
556 1709 777 1790 multitudo,
802 1709 927 1794 eopia)
950 1710 1059 1774 animo
1075 1709 1144 1774 eius
1159 1707 1277 1772 obver-

148 1819 241 1876 satus
274 1817 368 1876 esset.
413 1809 564 1876 Ceterum
592 1812 664 1894 ipsu
695 1813 856 1878 sententia
882 1813 978 1894 plana
1001 1818 1032 1878 et
1059 1812 1195 1893 simplex
1216 1816 1275 1888 est,

144 1933 254 1998 neque
285 1914 371 1977 iusta
404 1932 504 1978 eausa
532 1914 592 1978 viri
622 1914 708 1978 docti
735 1933 810 1979 men
836 1915 966 1998 quidem
995 1915 1157 1980 sententie
1186 1914 1273 1977 huno

144 2037 276 2084 versum
308 2022 505 2082 vexaverunt
539 2016 605 2100 (etr.
635 2016 774 2098 Mueller,
804 2017 894 2082 Pros.
923 2018 1024 2081 Plaut.
1052 2038 1082 2099 p.
1112 2018 1177 2081 270
1206 2013 1276 2099 sq.).

144 2120 297 2202 Epidicus
318 2120 413 2201 enim,
442 2121 496 2202 qui
518 2139 547 2184 v.
569 2122 633 2185 610
655 2141 701 2203 sq.
725 2139 767 2187 ne
788 2121 960 2187 duodecim
982 2121 1062 2186 deos
1084 2119 1214 2204 quidem
1237 2136 1273 2183 se

145 2240 279 2289 servare
305 2240 402 2304 posse
427 2223 515 2302 dixit,
545 2242 631 2288 nunc
654 2225 772 2305 gaudio
795 2226 968 2305 exsultans,
992 2243 1067 2288 cum
1089 2224 1198 2287 salvus
1220 2222 1270 2301 sit,

145 2326 308 2408 duplicem
331 2326 377 2389 eit
398 2326 532 2391 deorum
555 2346 723 2393 numerum
747 2328 808 2392 sibi
831 2328 956 2393 edesse.

250 2427 396 2514 amplius·
440 2428 602 2496 cistere
629 2431 760 2513 pendeo,
794 2431 851 2494 tibi
882 2451 950 2494 meo
983 2449 1077 2511 opera
1106 2426 1273 2491 liberorum

145 2552 211 2594 esse
232 2532 381 2614 numptius.

250 2633 391 2699 nimium.
435 2634 533 2701 Stich.
559 2636 623 2702 375
651 2637 776 2719 arpenti
805 2637 939 2719 aurique
966 2637 1096 2700 aduenit
1120 2636 1272 2709 utimum,⁸

146 2736 242 2802 Mero,
272 2739 335 2804 739
363 2738 496 2800 militium
521 2739 625 2821 impoti
650 2740 788 2822 repperi;
821 2740 920 2805 Poen.
947 2741 1010 2806 239
1037 2740 1138 2801 leiloio
1167 2738 1277 2800 orouio'

145 2840 281 2902 m'mium
302 2839 444 2903 osiridem
464 2841 567 2923 nepoti
576 2841 602 2925 2)
625 2841 801 2904 dominibus
822 2863 859 2906 eoo
877 2863 923 2917 se,·
945 2842 1042 2908 Stich.
1058 2844 1122 2907 379
1137 2841 1269 2903 militium

145 2941 243 3006 bonae
270 2943 318 3005 rei
349 2941 405 3027 (se.
433 2943 582 3028 advexit).
606 2982 646 2990 -
669 2944 716 3010 De
738 2944 829 3011 Teuc.
853 2947 916 3010 705
937 2946 1071 3007 uitulum
1099 2945 1276 3006 ruellimest

144 3045 224 3108 milti
247 3065 275 3110 v.
297 3045 493 3111 inframittit.

249 3145 426 3212 dimidium.
478 3148 547 3212 Aul.
579 3151 640 3215 291
675 3151 703 3211 oi
735 3149 841 3213 obsoni
872 3150 946 3212 tino
978 3150 1147 3213 dimidium
1178 3149 1272 3212 iussit

142 3250 235 3327 dori·
268 3251 386 3316 Bacch.
411 3253 493 3316 1185
515 3253 592 3335 quid
614 3253 748 3331 tandem,
775 3254 804 3316 si
826 3254 994 3316 dirmidium
1016 3254 1091 3315 auri
1112 3252 1273 3326 redditum·

140 3354 183 3419 ib.
210 3355 295 3420 1189
317 3355 485 3417 diiuidium
505 3356 581 3418 ouri
602 3356 699 3418 datm
706 3378 716 3432 ;
748 3356 863 3421 Pseud.
885 3357 950 3422 452
972 3356 1068 3418 bonos
1090 3357 1216 3418 anirum
1236 3355 1272 3416 m

139 3457 232 3522 emolu
255 3477 290 3519 re
311 3457 508 3520 dimidiumst
528 3459 623 3534 ruoli3
644 3458 759 3541 Amph.
786 3460 867 3524 1125
886 3460 915 3521 si
934 3460 1004 3522 lieet
1017 3458 1089 3521 bom
1103 3458 1271 3521 dirmidium

139 3559 225 3623 mihi
257 3560 401 3623 diuidere
432 3560 510 3644 oum}
530 3559 616 3624 Ioue.
641 3599 681 3607 —
705 3561 779 3646 (Cir.
808 3563 944 3625 dimidiu
965 3582 1046 3643 pars
1073 3581 1149 3626 cum
1170 3578 1269 3642 gene-

138 3664 212 3728 tivo
236 3660 357 3745 supra).

249 3766 408 3824 Ablativus
431 3762 471 3829 de
497 3769 707 3844 praepositioni
733 3769 891 3827 adiunctus
922 3788 958 3827 ex
987 3768 1137 3827 dimidium
1166 3769 1272 3844 pendet

140 3850 254 3912 Pseud.
281 3852 363 3911 1164
385 3858 520 3912 memento
543 3872 609 3929 erpo
631 3854 782 3914 diutidium
803 3855 888 3914 istim
909 3856 979 3914 milii
1000 3855 1034 3913 de
1050 3853 1166 3928 proedo
1189 3855 1270 3914 dore.

249 4105 269 4169 ¹)
288 4105 388 4158 Versus
408 4121 424 4158 a
441 4105 577 4158 nonnullis
597 4113 735 4173 suspectos
753 4106 862 4160 habitos
882 4107 1005 4160 defendit
1024 4107 1130 4175 Ussing.

250 4191 271 4257 2)
288 4189 377 4257 nepoti
393 4190 539 4259 Hermann,
558 4191 694 4260 nepotium
712 4192 785 4245 libri.
