2902 4890
249 269 270 332 6

174 469 337 533 'aduenit
365 489 498 551 peregre
528 469 734 532 Philolachue
768 471 835 551 (cir.
865 487 964 550 supra
997 467 1096 532 Poen.
1132 469 1215 533 1045
1244 471 1340 533 Anti·

206 573 349 648 darnoli).

308 673 352 738 tis
373 675 540 756 genetivus
560 674 731 756 singularis
748 674 950 755 pronominis
965 673 1144 755 personalis
1160 674 1273 755 paucis
1289 675 1338 738 lo-

207 777 254 842 cis
270 777 354 858 apud
372 777 520 841 Plautum
537 778 704 841 invenitur.
735 776 796 840 Mil.
816 777 896 840 1033
913 777 989 859 quic
1005 775 1338 858 respectantem

205 898 244 940 ne
266 880 307 940 tie
330 880 411 940 ulios
432 880 594 956 miserere
615 879 732 944 Bacch.
750 881 827 945 1201
848 901 887 941 ue
900 881 944 942 tia
957 899 1052 962 quam
1065 899 1133 941 meu
1151 877 1207 963 (sc.
1223 880 1338 964 opera)

204 983 368 1043 monadem
381 981 415 1066 1).
453 983 568 1048 Pseud.
590 986 609 1048 6
633 985 693 1045 anei
713 991 741 1045 le
763 983 901 1066 rogandi
922 991 951 1045 et
972 983 1013 1045 tis
1035 983 1244 1063 respondendi
1257 984 1338 1048 mint

206 1083 259 1167 (de
282 1103 346 1166 quo
369 1086 442 1150 loco
466 1085 520 1150 cir.
548 1085 631 1150 inira
654 1094 756 1168 genet.
780 1085 952 1170 gerundii);
985 1085 1077 1150 True.
1113 1087 1174 1151 109
1201 1087 1263 1149 scis
1295 1089 1337 1151 tis

205 1187 315 1268 spoliis
337 1207 386 1249 me
407 1187 494 1250 leand
514 1189 642 1251 mentiri
665 1190 717 1273 (do
741 1208 805 1272 quo
829 1190 941 1254 videas
964 1187 1049 1252 inira
1069 1195 1173 1270 genet,
1188 1189 1290 1273 poss.)
1315 1190 1336 1274 ).

206 1287 357 1354 Ceterum
382 1292 551 1372 genetivus
574 1293 743 1374 singularis
758 1293 988 1373 pronominum
1005 1292 1224 1373 personalium
1240 1292 1336 1358 solito

205 1409 296 1456 morc
319 1391 477 1462 formatur
498 1395 567 1469 rivet,
591 1394 646 1470 tui,
670 1396 730 1470 srvi,
754 1411 860 1476 neque
882 1411 1037 1475 umquam
1060 1392 1193 1458 Plautus
1212 1392 1336 1460 formas

204 1494 264 1555 mia
287 1497 385 1557 etsie
408 1497 582 1576 usurpavit.

307 1599 389 1677 *-us,
418 1597 505 1679 quod
528 1599 560 1661 in
583 1608 699 1680 quarta
723 1598 938 1663 declinatione
961 1600 1090 1663 solitum
1113 1597 1262 1663 suffixum
1285 1605 1335 1664 est

204 1701 344 1780 genetivi
378 1701 556 1782 singularis
591 1721 669 1766 num
703 1703 835 1766 omnino
872 1701 1052 1766 adhibuerit
1078 1701 1220 1780 Plautus,
1253 1703 1334 1767 satis

174 1797 176 1801 ⁴
205 1809 328 1867 certum
352 1821 418 1868 non
442 1811 498 1868 cst.
544 1805 626 1868 Nam
649 1805 736 1887 quod
759 1805 873 1869 Pseud.
901 1807 979 1869 1197
1004 1805 1086 1867 uilul
1107 1812 1151 1866 est
1172 1804 1263 1867 lodie
1282 1805 1334 1868 bic

204 1905 406 1986 aucupio-ntis
440 1913 588 1990 peruectus
626 1908 751 1987 dicitur,
790 1909 844 1972 alii
882 1908 973 1972 aliter
1010 1908 1212 1990 interpretati
1250 1915 1333 1974 sunt.

204 2005 460 2090 Simplicissima,
484 2016 519 2072 ut
542 2009 677 2089 videtur,
701 2011 880 2092 explicandi
903 2010 987 2074 ratio
1007 2028 1049 2075 ea
1071 2016 1220 2092 estque
1239 2031 1332 2094 qeme-

203 2117 269 2172 atus
301 2112 394 2193 quasi
427 2113 595 2193 genetivus
629 2114 797 2194 partitivus
832 2131 871 2177 ex
904 2112 986 2174 nihil
1018 2113 1159 2194 pendere
1193 2120 1331 2195 putatur.

203 2211 267 2278 Sed
290 2214 397 2277 multis
420 2215 482 2278 hoc
506 2215 674 2296 displicuit,
699 2236 773 2280 cum
797 2216 913 2280 ceteris
935 2217 1015 2280 locis
1030 2215 1180 2280 omnibus
1199 2215 1331 2281 Plautus

202 2318 351 2397 genetivo
375 2318 505 2400 peruecti,
529 2319 664 2395 trumulti,
689 2325 749 2384 cet.
772 2317 813 2402 (v.
836 2337 934 2398 supra
957 2339 986 2400 p.
1011 2317 1041 2401 1)
1065 2319 1189 2383 dixerit.
1219 2319 1330 2400 ltaque

202 2417 326 2482 Lorenz
350 2427 381 2483 ct
405 2420 491 2484 Loch
504 2422 528 2501 ³)
564 2420 646 2482 vrtuti
677 2422 927 2503 negationem
961 2421 1003 2485 ad
1024 2421 1220 2512 vocabulum
1241 2421 1331 2484 hodie

203 2522 287 2604 (sict)
327 2521 530 2586 referendam
564 2542 636 2589 esse
667 2533 699 2589 et
729 2531 876 2607 quaestoris
903 2525 936 2587 in
966 2525 1166 2589 nominativo
1190 2525 1330 2606 positum

201 2630 324 2706 putant.
882 2624 884 2628 ’
1235 2681 1238 2692 .

304 2728 338 2791 ln
362 2729 505 2794 secunda
529 2745 658 2810 quoque
682 2728 898 2793 declinatione
919 2735 1046 2793 veteres
1061 2729 1253 2810 interpretes
1268 2730 1331 2794 hoc

202 2830 315 2896 suffixo
350 2831 498 2896 Plautum
532 2851 596 2896 uno
631 2833 704 2896 loco
733 2850 827 2895 usum
855 2850 933 2896 esse·
949 2831 1120 2912 putabant:
1155 2831 1245 2914 Capt.
1269 2833 1331 2898 826

201 2941 308 2997 tantus
331 2937 435 2997 ueratri
459 2942 636 2997 corttneutus
658 2956 722 2997 luco
745 2935 834 2996 adesi
848 2936 883 2996 t'u
894 2942 990 3016 portu
1013 2934 1115 3010 cibum
1136 2934 1223 2998 cidus
1245 2936 1332 3001 enim

202 3036 244 3129 illi
268 3056 327 3120 pro
351 3041 501 3119 genetivo
529 3036 702 3118 habebant,
727 3038 814 3120 quod
833 3042 895 3118 'pro
920 3038 1121 3102 nominativo
1144 3039 1251 3120 potius
1274 3038 1331 3102 ha-

202 3139 344 3205 bendum
367 3148 416 3205 est
439 3142 506 3224 (cfr.
530 3140 627 3203 Brixii
650 3141 722 3204 adn.
746 3141 787 3204 ad
808 3141 839 3203 h.
863 3137 905 3224 l).

304 3243 371 3308 -ius
406 3244 554 3307 suffixum
588 3250 637 3308 est
659 3245 800 3326 genetivi
822 3244 992 3325 singularis
1014 3244 1049 3306 in
1070 3244 1232 3326 plerisque
1254 3261 1332 3326 pro-

201 3347 388 3410 nominibus
412 3353 443 3410 et
466 3346 628 3410 nonnullis
651 3347 829 3425 adiectivis‚
844 3347 948 3422 ullam,
979 3346 1098 3423 utullus,
1121 3354 1182 3411 cet.
1205 3346 1331 3428 pervul-

200 3455 318 3530 gatum.
370 3448 433 3513 Sed
468 3456 595 3531 praeter
629 3450 713 3514 hanc
748 3450 885 3513 formam
919 3448 1051 3513 Plautus
1084 3467 1331 3531 nonnumquam

200 3553 384 3633 genetivum
408 3553 442 3614 in
464 3553 476 3612 i
499 3552 700 3617 desinentem
724 3551 856 3632 inducit,
882 3570 946 3634 qua
970 3551 1009 3616 de
1032 3570 1067 3617 re
1090 3558 1242 3617 accurate
1265 3552 1332 3615 dis-

199 3708 404 3716 ..ω-Μ

303 3791 322 3856 ¹)
341 3789 386 3841 lta
405 3789 552 3842 Schneider
571 3788 671 3856 aliique
689 3791 870 3857 scripserun13
897 3805 946 3856 pro
970 3789 1006 3842 ἦε
1023 3790 1062 3856 (in
1080 3790 1158 3843 libris
1176 3789 1213 3857 in)
1231 3789 1331 3858 Ussing

200 3871 258 3926 eiua
276 3875 387 3941 scripsit
405 3875 491 3926 locum
511 3883 668 3941 corruptum
687 3877 727 3930 ita
745 3878 836 3930 sanari
855 3891 935 3943 posse
953 3877 1119 3929 existimans.

302 3961 322 4028 ²)
340 3959 439 4027 Amph.
459 3962 509 4011 503
529 3959 551 4013 t'
586 3960 690 4014 taedeat
709 3979 757 4028 pro
776 3961 925 4017 distaedeat
942 3962 1084 4017 Acidalius
1105 3962 1187 4026 scribi
1206 3961 1299 4015 voluit.

303 4047 323 4112 ³)
342 4046 383 4098 De
402 4048 519 4113 genetivi
533 4046 606 4114 apud
618 4048 722 4114 priscos
735 4050 881 4114 scriptores
895 4048 994 4103 latinos
1010 4063 1059 4100 usu
1072 4064 1097 4114 p.
1110 4049 1145 4100 14
1156 4055 1212 4100 not.
1223 4047 1329 4115 (Progr.

198 4130 439 4184 Bartensteinense
460 4131 543 4200 1880).
