2842 4890
183 255 227 322 80

138 474 170 525 at
191 464 223 522 in
244 464 374 521 ablativo
397 471 555 539 ponantur.
588 461 632 520 Ea
654 464 733 521 enim
756 464 951 539 substantive,
976 483 1053 540 quae
1077 464 1111 524 in
1134 465 1263 542 genetivo

140 560 303 627 ponuntur,
338 546 498 607 ablativum
532 550 704 621 abhorrent,
738 569 815 624 quae
845 551 877 608 in
901 549 958 608 hoe
977 569 1049 610 casu
1072 553 1149 627 poni
1172 553 1264 623 rolant,

139 637 174 709 in
195 634 248 695 illo
272 636 368 712 posita
389 653 457 693 raro
479 645 631 711 apparent.
665 635 799 710 Uterque
815 643 915 695 autern
931 642 961 693 et
977 637 1140 713 praedicati
1155 647 1186 696 et
1199 637 1266 696 euri·

140 723 206 780 buti
228 724 295 780 loco
316 731 488 797 usurpatur.
1264 738 1267 743 ·

244 810 345 866 aetate.
389 807 460 864 Aul.
497 805 557 864 182
586 809 656 880 poet
686 805 810 865 mediam
845 810 967 865 aetatem
994 806 1045 882 qui
1072 807 1174 867 media
1204 806 1270 868 ducit

140 910 263 953 uxorem
285 891 418 965 domum;
440 894 493 950 ubi
515 892 663 950 ablativus
685 895 820 961 aetatatr,
844 912 912 950 curn
935 891 1021 950 facile
1037 912 1075 950 ex
1091 892 1272 970 praecedenti

141 979 313 1038 accusativo
335 981 459 1037 aetatem
480 979 674 1054 suppleretur,
698 979 827 1036 omasus
850 986 903 1037 est
944 978 1017 1036 Aul.
1041 979 1106 1038 253
1129 996 1216 1056 quem
1235 996 1271 1041 es·

140 1069 223 1125 uecta
251 1067 345 1124 aetate
374 1063 458 1123 bidos
486 1063 597 1136 faciam
627 1063 693 1123 Oas.
721 1065 785 1123 240
811 1067 941 1122 aeurctau
971 1068 1065 1124 aetate
1087 1069 1275 1140 maumam
1316 1082 1318 1093 ·

136 1170 194 1226 per
219 1151 287 1210 uias
308 1149 432 1222 lucedis,
453 1148 492 1208 ib.
516 1149 578 1207 259
601 1153 713 1208 reuecta
735 1154 829 1209 aetate
852 1149 980 1222 officium
1003 1152 1080 1209 mom
1103 1170 1164 1213 uou
1185 1151 1275 1213 meari·

141 1238 234 1309 m'aae;
249 1237 338 1295 Mero.
355 1235 417 1294 985
434 1234 462 1294 si
474 1235 549 1295 istuc
563 1235 610 1293 ius
625 1239 668 1294 est
682 1239 793 1294 reuecta
807 1240 902 1294 aetate
916 1236 1043 1295 scortari
1056 1253 1157 1311 serrem
1171 1236 1275 1298 Becola

144 1322 182 1382 15
205 1340 240 1381 ue
261 1322 336 1381 istac
357 1324 451 1381 aetate
472 1338 516 1380 me
537 1325 643 1380 sectere
662 1321 786 1395 pratita·
800 1322 839 1379 ib.
858 1321 939 1380 1163
964 1325 1037 1391 tuue,
1061 1320 1147 1382 bomo
1166 1322 1274 1398 putide,

142 1413 259 1468 amator
285 1407 360 1466 istac
385 1406 453 1478 fieri
480 1409 575 1466 aetate
601 1405 707 1478 audea·
737 1408 826 1465 Maro.
851 1407 913 1466 972
939 1410 965 1466 te
985 1407 1061 1467 istac
1084 1412 1184 1468 aetate
1203 1406 1276 1469 baad

141 1510 261 1570 aequom
292 1492 354 1564 filr'o
386 1492 486 1566 fuerat
517 1496 565 1552 tuo
582 1536 588 1549 .
606 1537 613 1552 .
632 1536 639 1551 .
655 1491 780 1553 amicam
805 1492 931 1567 eripere;
959 1493 998 1551 ib.
1026 1492 1090 1552 983
1119 1500 1276 1570 temperare

141 1581 216 1641 istac
249 1579 295 1639 ted
325 1582 418 1638 aetate
447 1579 493 1638 bis
521 1577 636 1638 decebat
662 1580 775 1650 acutia·
815 1579 855 1637 ib.
896 1579 960 1638 520
988 1596 1047 1639 uua
1079 1584 1178 1640 aetate
1210 1598 1276 1659 puae

142 1668 196 1739 ait;
229 1664 334 1724 Bacch.
366 1665 447 1724 1079
481 1664 528 1738 fui
549 1682 598 1738 epo
630 1664 683 1723 illa
713 1669 806 1725 aetate
836 1669 863 1724 et
891 1664 949 1737 feci
975 1664 1028 1725 illa
1056 1667 1166 1726 omuia.
1204 1662 1274 1749 (atr.

142 1749 223 1810 infra
244 1746 360 1832 capite).

249 1835 386 1897 aetatula.
422 1836 500 1893 Rud.
516 1834 580 1893 894
601 1835 662 1894 iam
678 1835 806 1894 clueutas
820 1836 946 1910 repperi,
962 1840 1047 1913 atque
1062 1837 1169 1897 ambae
1183 1837 1276 1912 formo

145 1922 249 1982 scitula
271 1925 357 1997 atque
379 1921 516 1982 aetatula.

248 2007 408 2066 Ablativua
441 2007 591 2082 qualitatis
628 2025 729 2065 eorum
762 2007 1028 2081 substantivorum,
1060 2025 1140 2082 quaa
1185 2015 1275 2086 partes

145 2095 277 2170 corporis
300 2095 477 2170 significant,
500 2093 622 2170 ponitur
644 2092 689 2152 his
712 2095 799 2151 locis:

248 2180 350 2254 capite.
394 2180 486 2239 Mero.
516 2179 579 2237 305
612 2184 661 2239 tuu
683 2179 775 2254 capite
796 2196 867 2238 cauo
890 2194 990 2251 amaa·
1012 2179 1100 2239 Most
1127 2179 1213 2239 1148
1233 2176 1277 2257 qu·

144 2270 213 2325 suut
234 2268 327 2340 capite
349 2265 489 2339 caudido;
511 2264 618 2323 Bacch.
646 2265 727 2323 1209
751 2283 806 2324 uou
827 2264 911 2323 bodie
932 2264 984 2323 boc
1006 2267 1119 2324 tautum
1139 2264 1276 2340 J‘lwitt‘utt

145 2351 275 2424 facereut
307 2352 387 2410 cauis
421 2350 571 2426 capitibus.
616 2349 693 2409 oum
723 2351 852 2408 ablativo
880 2353 974 2410 aetate
1003 2350 1187 2409 coniunctus
1217 2348 1275 2411 (lea

147 2437 209 2496 518
233 2453 324 2508 „cauo
346 2440 454 2513 capite,
472 2441 566 2496 aetate
587 2435 702 2495 alima“
726 2455 758 2495 eo
780 2435 880 2495 addito
904 2435 943 2496 ad
965 2434 1171 2511 compendium.

250 2522 394 2582 Ablativo
425 2523 545 2582 additur
566 2540 630 2581 cum
652 2523 854 2599 praeposititio
877 2522 955 2580 Rud.
981 2521 1062 2581 1303
1085 2520 1119 2581 di
1140 2526 1168 2582 te
1189 2522 1279 2583 ameni

146 2626 210 2668 mou
231 2609 333 2667 iurare
355 2609 456 2684 capite.

249 2712 378 2768 corpore.
423 2697 511 2754 Asin.
532 2694 595 2753 944
625 2711 675 2752 uec
705 2693 888 2769 quisquamst
916 2697 976 2753 tam
1004 2692 1115 2767 iupeuio
1139 2691 1216 2754 duro
1235 2708 1280 2754 aet
1316 2742 1318 2751 .

147 2785 208 2840 tam
228 2779 314 2852 firmo
337 2797 463 2855 corpere.

251 2866 338 2925 corio.
383 2867 461 2924 Rud.
486 2864 548 2924 998
571 2867 638 2923 aaut
660 2863 714 2922 alii
733 2864 853 2937 puuiceo
876 2864 965 2923 corio.

251 2950 389 3010 deutrbus.
444 2951 532 3009 Truo.
570 2951 633 3009 224
670 2950 752 3008 bouis
785 2967 847 3008 ease
879 2953 992 3024 oportet
1023 2948 1159 3009 dmbbus
1193 2950 1280 3010 buum

142 3036 319 3113 probam1).

249 3123 354 3194 froute.
399 3121 465 3181 (las.
496 3121 557 3180 281
587 3125 614 3182 te
639 3121 820 3196 porrectiore
850 3122 946 3196 troute
971 3120 1038 3181 uolo
1057 3136 1169 3181 mecmu
1193 3119 1281 3197 loqur]
1311 3088 1318 3257 1

147 3208 199 3283 qui
222 3210 368 3267 ablativus
390 3207 472 3266 modi
493 3207 596 3265 haberi
618 3216 724 3284 potest.

249 3295 354 3369 liupuu.
398 3294 491 3355 Poeu.
515 3294 597 3353 1034
619 3294 670 3370 qui
689 3293 742 3353 buc
765 3293 912 3353 eteruisti
932 3309 984 3351 uos
1006 3294 1165 3366 captatum,
1188 3290 1281 3352 micdi·

148 3381 200 3451 tua
225 3380 329 3439 bisulci
351 3381 456 3454 liupua.

250 3466 344 3526 malis.
377 3468 465 3525 Asin.
490 3466 555 3524 400
576 3465 737 3525 macileutia
759 3465 857 3536 malis,
882 3463 1000 3537 rufulus
1022 3459 1075 3545 (so.
1097 3459 1173 3547 eat);
1196 3462 1280 3521 Mera

147 3552 209 3610 643
233 3571 268 3611 ue
288 3553 337 3612 ille
359 3552 488 3626 obloupis
510 3551 597 3611 molis
618 3551 689 3609 mibi
710 3550 793 3610 dedit
813 3567 950 3624 mapuum
970 3548 1089 3611 mrum.

252 3639 348 3697 oculis.
383 3637 450 3696 Mil.
476 3637 558 3695 1108
580 3638 685 3697 arbore
707 3637 737 3696 iu
758 3639 832 3696 uaui
852 3637 964 3711 lippam
985 3638 1072 3711 atque
1093 3632 1184 3695 oeulis
1199 3630 1281 3709 turri·

146 3721 193 3780 dis
216 3723 282 3796 (cfr.
306 3724 385 3782 infra
409 3723 528 3799 auimo).

245 3809 378 3883 pedibus.
426 3810 516 3866 Mero.
550 3808 613 3866 595
650 3812 709 3866 tum
750 3807 805 3866 etsi
831 3805 1010 3881 podaproais
1038 3804 1164 3881 pedibus
1200 3805 1281 3874 earet·

139 3892 232 3968 Epid.
258 3895 319 3954 621
338 3895 466 3970 pedibus
482 3894 628 3970 plumbeis
650 3895 700 3969 qui
719 3893 895 3968 perbihetur.

152 4029 355 4039 —-.-.—-

253 4097 272 4162 ¹)
299 4096 378 4148 Hunc
406 4101 433 4148 et
461 4095 514 4149 duo
538 4099 682 4162 sequentes
708 4110 801 4149 versus
824 4109 857 4148 ex
882 4094 937 4148 alia
960 4093 1102 4149 comoedia
1119 4092 1212 4149 illatos
1229 4101 1280 4145 esse

149 4182 256 4247 putanti
276 4182 451 4236 Fleckeiseno
470 4182 624 4236 adsentitur
640 4181 755 4235 Schoell.
