2842 4890
1197 264 1236 327 41

150 477 268 551 totum,
302 471 390 553 quod
421 471 545 536 ironice
567 472 617 535 vel
644 491 719 536 cum
746 476 934 553 contemptu
957 468 1098 551 quodam
1122 468 1283 551 exprima-

150 581 205 640 tur
216 574 252 659 ¹).
295 573 419 638 Horum
440 575 671 656 pronominum
694 576 788 657 longe
810 573 1058 638 usitatissimum
1080 579 1131 638 est

257 675 342 762 quid,
370 678 461 742 euius
488 697 562 742 cum
584 678 734 760 genetivo
757 678 934 742 constructi
957 676 1117 758 permulta
1139 682 1171 741 et
1192 675 1285 740 varia

152 786 228 845 sunt
251 780 407 862 exempla.
450 779 577 844 Primus
600 782 691 846 locus
715 780 850 846 debetur
870 779 1020 861 genetivo
1043 779 1155 860 nepoti.

257 882 343 946 Talis
373 882 545 947 verborum
580 884 766 948 coniunctio
795 902 872 947 cum
893 883 927 946 in
948 880 1103 946 formulas
1126 881 1285 963 quasdam

152 992 262 1052 certas
288 984 412 1066 abierit,
444 986 508 1051 hae
533 986 691 1070 aliquanti
717 987 875 1051 momenti
897 993 972 1050 sunt
994 985 1027 1049 in
1050 983 1166 1048 fabulis
1188 982 1286 1048 Plau·

151 1090 230 1154 linis
264 1089 483 1154 emendandis.
525 1089 601 1154 lllae
630 1109 708 1155 vero
740 1088 906 1169 formulae,
940 1088 980 1152 de
1008 1087 1124 1170 quibus
1151 1087 1285 1169 copiose

153 1192 400 1273 disputaverunt
428 1191 590 1271 Beckerl)
618 1199 650 1257 et
677 1191 812 1277 Lochi),
841 1197 933 1256 ortae
955 1196 1030 1255 sunt
1052 1197 1109 1254 aut
1131 1189 1182 1252 his
1204 1189 1286 1254 dua-

153 1294 215 1359 bus
245 1293 379 1359 vocibus
413 1295 609 1361 coniunctis:
642 1295 720 1378 quid
746 1296 850 1376 nepoti
877 1301 930 1372 est,
961 1299 1017 1358 aut
1040 1291 1286 1375 pronominibus

154 1397 419 1463 demonstrativis
448 1397 513 1475 boc,
548 1398 625 1460 tutu
651 1399 733 1460 istuc
761 1397 892 1462 additis:
927 1395 1005 1480 quid
1030 1395 1086 1458 boc
1112 1395 1216 1470 nepoti
1243 1400 1287 1456 est

154 1508 225 1580 eet,
258 1508 314 1564 aut
336 1500 445 1565 dativo
468 1518 628 1582 personae
651 1501 774 1565 addito:
808 1500 886 1582 quid
907 1498 963 1562 tibi
984 1499 1089 1580 nepoti
1111 1504 1172 1573 est,·
1205 1496 1285 1561 ordo

154 1609 266 1669 autem
294 1602 527 1668 vocabulorum
557 1610 712 1669 constans
742 1623 808 1669 non
832 1610 880 1670 est
892 1603 927 1687 ⁴).
972 1602 1018 1667 De
1040 1601 1286 1685 pronominibus

155 1711 265 1770 antem
307 1705 570 1771 demonstrativis
603 1707 792 1772 adhibendis
827 1706 853 1770 si
886 1707 989 1788 legem
1028 1706 1166 1788 quaeris,
1207 1703 1287 1768 nihil

153 1808 242 1872 aliud
269 1826 329 1888 pro
359 1814 448 1873 certo
475 1808 660 1874 confirmari
687 1828 784 1892 posse
809 1809 945 1888 videtur,
975 1826 1073 1891 quam
1096 1825 1225 1889 semper
1248 1824 1288 1870 ea

155 1911 357 1976 admittenda
384 1928 464 1988 esse,
492 1912 547 1977 ubi
573 1920 730 1995 sequente
757 1913 985 1977 enunciatione
1013 1911 1207 1976 secundaria
1229 1927 1285 1975 ex-

154 2014 287 2096 plicatio
321 2016 483 2096 quaedam
515 2015 653 2096 additur,
688 2016 729 2080 ad
758 2034 857 2098 quam
878 2021 1005 2097 spectat
1027 2031 1208 2097 pronomen
1231 2013 1287 2077 de-

155 2117 405 2182 monstrativum
427 2116 524 2202 (sicut
546 2135 594 2183 ex.
616 2138 662 2200 gr.
684 2116 804 2200 Amph.
819 2119 883 2182 502
898 2117 975 2200 qnid
989 2118 1070 2179 istuc
1090 2122 1143 2192 est,
1164 2115 1208 2177 tui
1222 2116 1286 2191 uir,

155 2220 270 2301 nepoti,
297 2219 379 2302 quod
400 2227 435 2282 ta
457 2227 522 2283 tam
542 2220 643 2283 subito
665 2221 753 2284 domo
775 2218 891 2304 odeas),
918 2239 1098 2303 numquam
1119 2226 1230 2284 autem
1252 2220 1287 2282 in

152 2322 201 2389 eis
224 2321 380 2402 formulis,
404 2322 520 2405 quibus
543 2324 672 2388 additus
694 2330 742 2389 est
767 2324 893 2389 dativus
913 2341 1081 2406 personae.
1114 2322 1288 2386 Praeterea

151 2445 232 2492 curn
254 2425 310 2489 illa
331 2445 461 2509 quoque
487 2428 682 2508 pronomina
704 2428 960 2493 demonstrativa
982 2428 1053 2492 sola
1075 2446 1149 2491 cum
1173 2427 1289 2491 eodem

146 2528 308 2613 genetivo
331 2529 460 2611 saepius
483 2530 665 2612 iungantur,
690 2531 838 2613 quaestio
860 2532 971 2611 oritur,
987 2532 1050 2595 utri
1065 2531 1173 2613 potius
1188 2528 1290 2593 tribu-

147 2633 262 2700 endus
283 2634 325 2696 sit
346 2634 523 2714 genetivus,
547 2636 731 2715 pronomini
754 2636 997 2717 interrogativo,
1020 2653 1063 2698 an
1083 2634 1289 2699 demonstra-

141 2739 224 2802 tivo
247 2733 317 2816 (cfr.
339 2734 422 2800 infra
444 2738 602 2820 quispiam
622 2738 801 2800 uicinorum
820 2739 953 2821 stipatim
976 2745 1008 2803 et
1023 2757 1122 2821 supra
1136 2737 1289 2798 uilistius

142 2841 335 2924 quicquam,
352 2838 434 2923 cet).
466 2840 615 2923 Namque
638 2842 698 2906 etsi
721 2841 852 2905 dubium
872 2847 1012 2921 nonest,
1034 2841 1112 2923 quin
1126 2841 1160 2903 in
1175 2839 1288 2920 pleris-

142 2960 222 3028 que
257 2942 410 3024 exemplis
440 2944 608 3024 genetivus
638 2963 677 3009 ex
710 2944 787 3026 qaid
818 2945 967 3026 pendeat,
1001 2944 1148 3008 nonnulli
1180 2950 1292 3008 tamen

140 3044 347 3111 inaniuntur
367 3045 440 3125 loci,
463 3044 496 3108 in
520 3044 635 3128 quibus
657 3047 826 3128 genetivus
848 3066 922 3112 cum
945 3047 1138 3129 pronomine
1153 3046 1289 3110 demon·

139 3148 297 3216 strativo
320 3148 481 3213 artissime
501 3149 677 3214 cohaerere
696 3150 852 3214 videatur.
886 3149 1009 3230 Quibus
1024 3149 1065 3215 de
1081 3149 1189 3213 causis
1206 3148 1291 3212 hanc

141 3258 265 3318 totam
288 3250 523 3333 quaestionem,
545 3252 605 3317 etsi
620 3253 662 3316 ad
677 3253 877 3334 pronominis
894 3252 1139 3317 demonstrativi
1153 3251 1219 3314 vim
1236 3268 1292 3314 ex-

144 3352 360 3438 planandam
381 3352 520 3418 fortasse
542 3356 646 3436 magis
669 3357 818 3438 pertinet,
841 3355 919 3418 mihi
942 3373 1072 3438 quoque
1087 3355 1133 3418 ita
1149 3353 1291 3419 subeun-

146 3459 237 3524 dam
248 3473 322 3522 esse
334 3456 418 3536 duxi,
433 3462 470 3520 ut
483 3458 517 3520 in
533 3477 597 3540 quo
613 3475 721 3522 rerum
738 3477 777 3522 ac
793 3459 1025 3523 sententiarum
1041 3475 1126 3522 nexu
1141 3457 1214 3520 illae
1226 3454 1291 3519 for-

149 3561 271 3626 mulae
292 3566 468 3642 usurpatae
490 3567 608 3640 essent,
628 3562 841 3627 ostenderem.
874 3562 985 3644 ltaque
1000 3559 1138 3625 formula
1153 3559 1206 3622 illa
1221 3559 1292 3622 sola

266 3661 343 3744 quid
370 3664 474 3746 nepoti
503 3670 547 3725 est
575 3663 769 3744 absolute,
797 3666 816 3728 i.
847 3683 873 3729 e.
900 3682 920 3728 a
947 3664 1034 3728 nulla
1062 3680 1169 3744 neque
1197 3680 1293 3743 prae-

266 3852 288 3918 ¹)
306 3850 361 3904 Gir.
384 3851 630 3919 Reisig-Haase
655 3852 716 3905 Lat.
744 3853 846 3920 syntax
870 3850 1075 3904 neubearbeitet
1098 3864 1150 3902 von
1168 3846 1292 3901 Sehmalz

160 3954 189 3990 u.
207 3935 353 4004 Landgraf
367 3936 456 4005 (1888)
475 3936 536 3989 adn.
555 3938 606 3988 530
624 3953 650 4004 p.
669 3938 727 3988 565.

266 4022 288 4089 ²)
305 4019 507 4075 Studemund
526 4022 623 4076 Studia
641 4024 668 4075 in
686 4023 768 4089 prisc.
787 4022 879 4089 script.
898 4020 998 4073 collata
1016 4020 1028 4072 I
1046 4036 1072 4087 p.
1092 4019 1142 4071 118
1161 4034 1219 4085 sqq.

267 4107 288 4174 ⁸)
306 4105 323 4159 l.
342 4123 363 4160 c.
382 4123 407 4175 p.
427 4107 460 4159 14
478 4124 534 4175 sqq.

268 4193 292 4261 ⁴)
309 4192 351 4245 De
369 4192 424 4245 ictu
441 4210 465 4245 v.
484 4193 559 4246 Loch
578 4193 594 4248 l.
614 4193 631 4245 l.
650 4209 675 4260 p.
698 4194 726 4243 16
746 4200 802 4244 not.
