2842 4890
1179 301 1218 367 71

130 507 194 571 nisi
217 506 389 588 genetivus
415 506 457 570 ad
480 505 685 569 thensaurum
706 505 893 572 referendus
916 507 1019 571 estin
1042 527 1071 570 v.
1096 507 1157 571 too
1178 504 1263 568 thm-

132 629 271 678 sourum
297 609 525 672 demonstrauit
552 608 633 671 mihi
661 609 695 671 iu
721 608 806 671 hisce
831 607 970 672 oedibus.
995 645 1031 654 -
1056 607 1202 690 Denique
1223 625 1263 672 ex

127 711 283 779 Schoellii
312 713 454 778 editione
481 711 592 778 adfero
618 713 699 777 Rud.
728 713 812 777 1314
835 719 1002 795 praetereo
1029 719 1151 775 centum
1171 711 1262 774 milio

132 815 283 898 Philippi
311 817 348 878 iu
363 816 509 897 pasceolo
530 835 646 892 sersus,
668 815 724 880 ubi
745 816 814 880 sive
836 816 878 880 ad
899 815 1048 899 Philippi
1067 813 1262 880 vocabulum

127 919 209 989 uum
221 918 402 1000 ,suppletur
423 917 490 1004 (cir.
512 917 574 982 Mil.
600 918 680 984 1046
697 919 775 1000 plus
796 920 840 980 mi
862 919 937 981 oum
958 919 1073 981 multost
1086 917 1262 981 modiorum

124 1020 287 1109 Philippi,
308 1020 394 1085 Trin.
411 1023 492 1086 1157
508 1021 642 1104 spondeo
659 1027 687 1083 ct
704 1021 790 1084 mille
803 1023 879 1084 ouri
892 1019 1080 1103 Philippum
1095 1021 1188 1096 doliu
1197 1019 1259 1084 Mil.

128 1125 210 1195 1061
231 1125 385 1186 talentum
404 1124 594 1207 Philippum
614 1126 638 1210 ¹)
658 1123 732 1188 huic
749 1145 827 1206 opus
845 1125 959 1195 curist.
977 1123 1076 1189 Poen.
1094 1124 1156 1188 732
1172 1142 1264 1205 quom

121 1228 200 1289 auri
221 1226 367 1291 ducentia
387 1228 525 1290 nummis
546 1227 741 1310 Philipps),-
768 1228 835 1292 sive
863 1225 1013 1308 Philippi
1040 1224 1099 1310 (sc.
1121 1226 1258 1308 nummi)

123 1349 186 1412 pro
213 1329 420 1395 substantivo
443 1330 581 1396 habetur
605 1329 673 1414 (cir.
697 1331 816 1395 Bacch.
837 1332 901 1396 590
923 1336 958 1392 ut
972 1328 1261 1412 ducentosPhth'p-

118 1453 181 1515 pos
214 1432 329 1496 reddat
361 1454 483 1510 eureos,
518 1434 559 1499 ib.
587 1435 650 1501 868
677 1455 751 1497 tcum
778 1435 842 1496 uisi
870 1433 997 1496 diremti
1017 1431 1167 1514 Philippi
1187 1434 1257 1495 red·

130 1536 257 1599 duntur
288 1536 377 1615 inihi,
410 1537 473 1602 879
509 1545 577 1617 eet.;
610 1538 708 1602 Poen.
739 1539 803 1604 670
832 1557 973 1600 urcrvzmos
1005 1535 1183 1618 Philippos,
1216 1536 1260 1601 ib.

123 1639 189 1705 732
219 1641 358 1702 nummis
385 1638 558 1723 Philippis,
589 1644 672 1727 cet),
701 1647 874 1723 utrumque
903 1639 1014 1705 dubito
1037 1659 1115 1705 num
1136 1639 1258 1705 Plauti·

121 1760 203 1807 num
227 1742 278 1820 sit,
303 1761 377 1807 cum
399 1761 507 1827 neque
527 1746 604 1806 ouri
625 1745 730 1809 omitti
752 1762 849 1826 posse
870 1743 1027 1823 videatur,
1050 1760 1157 1824 neque
1178 1741 1257 1805 Phi-

121 1845 214 1927 lp'ppi,
245 1845 273 1908 si
300 1845 519 1910 nominativus
546 1853 604 1926 est,
633 1847 675 1911 ad
704 1847 795 1909 tuitio
817 1846 937 1926 referri,
962 1845 1050 1928 quod
1072 1845 1257 1927 genetivum

122 1946 280 2030 postulat.
313 1946 470 2013 Codicum
489 1949 649 2030 scriptura
670 1955 823 2031 corrupta
839 1949 881 2014 ab
898 1950 969 2014 aliis
981 1950 1073 2013 aliter
1084 1947 1258 2013 emendate

118 2056 184 2116 est:
212 2055 335 2111 centum
362 2052 482 2113 mummi
503 2049 669 2134 Philippei
685 2050 834 2118 Guietum
858 2059 988 2117 secutus
1003 2051 1114 2116 scribit
1129 2051 1254 2133 Ussing,

122 2151 320 2234 Philippcoe
341 2154 446 2216 amictae
468 2172 507 2219 ex
529 2155 631 2219 Reizii
653 2156 841 2221 coniectura
863 2155 981 2237 probat
1002 2154 1133 2218 Mueller
1154 2154 1256 2235 (Pros.

110 2276 147 2339 p.
171 2256 262 2341 248),
285 2263 406 2318 centum
432 2259 508 2319 ouri
532 2259 637 2319 miuoc
666 2257 812 2340 Philippi
839 2259 962 2322 mavult
986 2257 1118 2338 Langen
1146 2256 1257 2341 (ecio.

110 2379 145 2442 p.
172 2357 243 2442 87);
268 2356 386 2443 (milio)
412 2359 601 2442 Philippum
624 2359 735 2441 Goetz,
763 2360 902 2425 fortasse
930 2365 1028 2440 recte,
1053 2378 1252 2443 quamquam

110 2463 187 2527 hoc
215 2462 290 2526 loco
314 2463 390 2546 quid
413 2464 578 2547 scripserit
600 2463 733 2528 Plautus
756 2463 882 2529 ditiieile
905 2469 954 2529 est
976 2482 1035 2546 pro
1058 2468 1147 2528 certo
1171 2463 1253 2527 diiu-

99 2566 240 2630 dicare.

223 2771 269 2835 Ex
292 2770 499 2857 superlativis
522 2771 716 2854 pendentem
739 2773 925 2854 genetivum
947 2772 1132 2856 partitivum
1156 2773 1251 2836 Plau-

78 2881 172 2939 tus
196 2874 328 2957 saepius
350 2875 450 2957 ponit.
486 2875 597 2958 Neque
620 2883 731 2940 tamen
754 2877 806 2941 hie
828 2877 995 2958 genetivus
1018 2877 1250 2943 adiectivorum

86 2983 252 3042 *tantum
275 2977 477 3058 superlativis
500 2978 706 3058 adscribitur3
730 2997 828 3061 saepe
851 2980 950 3063 etiam
965 2980 1007 3045 ad
1022 2980 1252 3061 superlativum

68 3081 287 3147 lotionem
311 3080 403 3146 aliter
425 3100 612 3162 expressam
635 3084 754 3148 relatus
777 3090 835 3148 est.

222 3180 444 3264 Adiectiva,
476 3203 614 3266 quorum
647 3186 849 3268 superlativis
883 3185 1051 3266 genetivus
1080 3184 1249 3266 partitivus

68 3286 318 3367 {adiungitun
341 3293 397 3352 eut
419 3287 491 3352 solu
512 3307 570 3370 per
591 3307 627 3354 se
649 3297 823 3370 ponuntur,
847 3295 904 3353 aut
926 3288 1135 3352 substantivis
1157 3287 1249 3351 attri-

68 3376 199 3453 lnta
234 3394 320 3452 sunt.
361 3388 482 3455 Prioris
516 3392 643 3472 generis
668 3391 751 3457 haec
778 3400 854 3455 sunt
883 3391 1044 3474 exempla:
1072 3389 1159 3455 Pers.
1187 3391 1249 3454 779

68 3493 343 3554 antummum
369 3490 530 3555 homiuum
560 3499 595 3554 ut
622 3495 749 3565 uiuouu·
777 3494 861 3558 Trin.
884 3494 947 3558 543
968 3514 1067 3577 penus
1087 3491 1171 3575 quod
1186 3512 1250 3575 pu·

68 3595 382 3658 *lentiscumumst
413 3595 589 3672 homiuum
615 3597 703 3660 Asin.
733 3598 795 3662 922
825 3599 915 3659 iatum
938 3618 968 3660 cs
990 3599 1128 3660 ommium
1150 3597 1247 3659 homi-

68 3712 193 3760 =1um
218 3698 276 3780 pol
300 3699 534 3780 oequissumus;
567 3698 640 3764 Cas.
673 3701 737 3766 694
766 3702 985 3764 occisissumus
1011 3721 1081 3763 sum
1109 3701 1248 3763 crucium

72 3799 281 3866 Jtomimum
307 3804 363 3885 qui
389 3804 501 3866 uiuent
507 3825 517 3879 ;
543 3803 625 3868 Men.
655 3804 715 3869 817
744 3806 883 3867 ouuu'um
903 3805 1063 3868 homiuum
1084 3811 1191 3888 exopto
1212 3811 1248 3866 ut

68 3904 197 3981 -flum
229 3905 416 3968 rttmcrorum
447 3906 684 3982 mussemumus;
710 3907 802 3972 Most.
832 3909 896 3974 340
923 3911 1022 3988 solue,
1049 3911 1247 3972 amicissumc

98 4010 162 4071 mi
194 4008 336 4072 ommium
367 4009 542 4085 homiuum
570 4009 657 4074 Asin.
684 4011 748 4076 314
775 3997 832 4074 hos
860 4013 1005 4076 dicamur
1026 4013 1089 4076 dcto
1109 4017 1248 4079 ommium

219 4215 242 4280 ¹)
259 4211 383 4282 Philippi
399 4223 547 4282 praeeunte
565 4214 696 4291 Seyfferto
714 4217 825 4283 scripsit
845 4217 937 4271 Goetu
