2902 4890
203 273 245 343 tt

157 460 290 529 iuranda
314 465 405 526 sunt:
429 455 544 522 Pseud.
572 456 611 520 37
635 463 669 518 at
689 462 718 518 te
739 455 774 520 di
795 457 940 541 deaeque,
962 462 1144 541 quantumst
1162 490 1205 502 —
1227 473 1296 516 ser·

156 565 281 631 ntnum
304 562 446 648 quidemn
468 559 538 625 Aul.
563 560 625 625 785
648 567 683 622 ut
706 560 797 623 iilum
819 560 855 623 di
876 561 1058 624 inmortales
1079 579 1183 622 omnes
1202 558 1297 621 deae·

156 690 215 753 qne
237 670 420 753 quantumst
429 663 602 747 perduint;
624 662 738 728 Pseud.
755 664 818 728 535
834 684 895 726 nou
911 653 1010 726 uuum
1024 663 1058 724 in
1073 662 1165 739 diem,
1180 681 1297 724 uerum

157 770 258 835 iterate
282 769 316 831 iu
337 767 438 830 ottenis
454 771 636 850 quantumst
651 764 710 847 (se.
724 786 771 827 me
786 767 821 827 in
830 767 1008 849 pistrinum
1022 763 1152 848 condas)
1164 762 1207 850 ¹);
1221 763 1297 847 qui-

159 872 219 941 bus
243 870 319 937 addi
342 875 450 953 potest
472 868 543 933 Ter.
565 865 696 932 Phorm.
723 869 786 933 853
813 889 830 931 a
860 869 1006 945 amnium,
1034 869 1218 952 quantumst
1238 865 1299 949 qui

158 977 280 1055 niteant,
295 972 457 1036 hortunam
470 970 559 1033 hatita
574 971 785 1033 ornatissume
797 960 934 1056 (Lorenz
947 971 988 1036 ad
999 968 1113 1037 Pseud.
1125 968 1211 1054 339).
1234 969 1297 1033 His

157 1077 314 1159 oxomplis
342 1073 446 1139 allatis
476 1074 556 1138 satis
587 1091 745 1156 apparere
776 1091 905 1154 censeo,
934 1080 1087 1157 quantum
1108 1073 1171 1138 hoo
1194 1089 1297 1139 sensu

158 1181 229 1247 sino
251 1179 403 1263 genetivo
427 1183 458 1242 et
481 1177 630 1260 usurpari
653 1183 685 1242 ot
708 1177 849 1259 intellegi
870 1195 978 1259 posse,
993 1195 1099 1259 neque
1115 1175 1297 1259 quidquam

158 1301 280 1351 causae
307 1299 380 1346 esse
410 1299 468 1344 our
497 1298 628 1344 eorum
658 1298 861 1363 earumque
889 1298 929 1343 ex
957 1278 1105 1346 Lorenzii
1131 1277 1298 1344 sententia

160 1383 288 1471 (l’seud.
300 1382 354 1467 35)
371 1383 550 1464 supplenda
566 1401 639 1448 esse
654 1389 845 1448 statuamus.
877 1383 989 1466 ltaque
1004 1384 1038 1446 in
1053 1383 1113 1446 illis
1128 1381 1297 1463 exemplis,

159 1507 244 1574 quae
266 1487 395 1572 proprie
418 1492 607 1565 tractamus,
630 1491 783 1568 quantum
805 1492 858 1566 est,
881 1491 1034 1568 quantum
1049 1491 1166 1547 ternam
1180 1484 1296 1566 tumuit,

160 1597 312 1677 quantam
342 1596 429 1651 tenna
452 1589 583 1650 sustinet
607 1587 746 1653 conferri
769 1588 912 1671 quodam
933 1587 1033 1652 modo
1055 1593 1192 1670 possunt
1218 1605 1296 1650 oum

159 1714 222 1759 unm
245 1691 451 1774 superlativo,
474 1690 559 1754 undo
582 1690 702 1771 pendet
723 1691 1045 1774 genetivusaddito.

263 1793 409 1875 Denique
432 1793 496 1857 huc
519 1791 680 1857 referendi
703 1801 778 1857 sunt
801 1795 866 1858 duo
889 1794 1031 1876 genetivi
1053 1793 1108 1877 qui
1130 1811 1169 1857 ex
1184 1791 1296 1856 adiee-

160 1899 299 1964 tivorum
330 1897 476 1978 positivis
505 1896 702 1979 superlativa
729 1897 871 1980 quadam
902 1898 932 1962 vi
967 1896 1122 1979 praeditis
1143 1896 1296 1979 pendent.

161 2001 277 2083 Amph.
300 2000 363 2063 204
386 1998 500 2081 deleqit
522 2000 610 2060 utros
628 2000 807 2080 primamne
824 2001 1006 2082 prinoipem
1029 1999 1113 2063 Trin.
1139 1999 1220 2062 1115
1243 1998 1296 2062 ute

161 2104 278 2170 tatttast
310 2101 470 2164 hominunm
504 2102 642 2164 eternium
665 2103 865 2184 praecipuos.
889 2102 1000 2169 —De
1030 2101 1191 2167 adverbiis
1223 2103 1295 2184 qui-

163 2206 301 2274 busdam
331 2204 519 2285 superlativi
546 2203 652 2269 torma
674 2213 705 2269 et
726 2206 860 2270 notione
882 2205 1046 2270 instructis
1067 2226 1096 2269 v.
1118 2224 1218 2287 supra
1239 2223 1295 2287 go-

162 2317 225 2378 nst.
248 2309 385 2393 quantit.
921 2365 923 2369 ,

263 2411 320 2475 His
349 2409 556 2474 subiunctum
579 2412 675 2476 veiim
699 2410 790 2493 Capt.
814 2412 877 2476 sto
900 2432 962 2473 nou
985 2431 1039 2494 eqo
1061 2432 1145 2474 nune
1161 2412 1297 2492 parasi-

160 2521 210 2578 tus
237 2534 316 2590 sum,
343 2512 398 2574 sed
419 2533 529 2594 requm
551 2534 608 2576 rea
629 2515 785 2597 nequitum
807 2534 904 2597 quem
927 2533 992 2579 non
1015 2533 1088 2580 esse
1110 2513 1296 2596 genetivum

161 2616 427 2699 <eomputationis
441 2615 498 2680 sed
515 2619 796 2698 „comparativum
813 2636 873 2699 pro
890 2616 1086 2700 superlativo
1101 2618 1188 2698 poni,
1203 2617 1297 2700 quasi

161 2721 204 2786 nit
228 2737 341 2801 regum
365 2719 511 2783 omnium
541 2720 604 2785 hoe
632 2721 766 2785 nomine
788 2720 1028 2801 dignissimus“‚
1059 2726 1147 2786 reate
1170 2721 1297 2785 monuit

162 2822 278 2903 Ussing
290 2821 325 2906 ²).

264 2923 436 2990 Postremo
458 2925 532 2990 loeo
562 2944 622 3007 pro
646 2926 803 3007 genetiuis
825 2925 983 3007 partitivis
1005 2924 1146 2991 habendi
1161 2943 1236 2992 esse
1249 2927 1300 2990 vi·

162 3027 279 3095 dantur
309 3028 354 3092 hi:
385 3027 480 3092 Mera.
510 3031 572 3093 608
605 3029 648 3090 ad
677 3030 784 3110 capita
814 3049 921 3090 nerum
943 3029 1096 3110 perueni;
1118 3029 1210 3094 Truc.
1235 3030 1300 3095 790

162 3132 269 3215 cupita
297 3150 405 3192 rerum
433 3132 478 3192 mi
500 3131 659 3212 esparlum
681 3132 735 3214 qui
758 3137 869 3196 tamen
892 3131 934 3195 ad
957 3130 1199 3196 similitudinem
1221 3151 1299 3213 pos-

165 3234 363 3302 sessivorum
385 3252 487 3316 prope
510 3235 678 3299 accedunt.

181 3356 370 3367 ..um——

265 3423 286 3487 ¹)
313 3420 368 3473 Cir.
392 3421 475 3474 etiam
498 3421 579 3489 Epid.
604 3421 653 3473 213
680 3423 738 3474 tum
755 3420 929 3474 meretricum
947 3436 1076 3475 numeras
1094 3422 1196 3485 tantm,
1212 3435 1304 3490 quan]

166 3509 224 3565 tam
242 3505 273 3560 in
291 3504 530 3574 armamentum,
548 3504 655 3560 obuiam
672 3505 852 3560 accurrebant.

265 3591 287 3660 ²)
316 3590 371 3644 ou.
399 3593 483 3644 etiam
519 3591 576 3644 uu.
608 3592 773 3645 Wolfflin
801 3594 829 3644 in
856 3593 977 3646 Archivo
1009 3591 1213 3662 Woelfflinano
1248 3582 1303 3646 vu

166 3694 192 3748 p.
209 3677 267 3731 118.
