2842 4890
1199 295 1240 360 73

145 514 355 595 praecedenti
386 515 439 581 hio
472 517 721 600 intellegendum
757 514 819 602 est)
846 517 924 581 nihil
954 516 1003 597 sit,
1032 516 1084 582 vel
1110 521 1198 582 certe
1220 516 1284 581 hoe

144 617 220 682 loeo
259 617 448 685 absurdum.
502 620 614 704 Neque
647 628 757 688 tamen
790 622 903 704 negari
935 625 1044 704 potest
1080 619 1283 702 superlativis

145 718 297 787 ellectum
325 742 408 806 esse,
425 717 472 789 ut
497 725 667 807 genetivus
694 725 910 805 adhiberetur,
940 742 1054 788 verum
1085 742 1160 789 oum
1182 720 1284 789 verbo

145 824 309 892 artissime
338 828 535 894 coniunctis.-
561 829 749 913 plurumum
777 847 896 904 auore,
926 824 1078 889 bonorem
1100 844 1283 889 mosomum

144 923 267 995 trabere.
310 930 423 1015 ltaque
445 932 643 1016 superlativo
666 932 874 1016 significatur,
903 929 1044 1013 aliquem
1076 947 1116 995 ex
1146 947 1283 994 numero

144 1030 289 1113 quodam
312 1034 450 1099 aetionis
472 1033 677 1118 potissimum
701 1041 891 1118 compotem
913 1051 999 1113 esse3
1023 1032 1110 1117 quod
1131 1051 1206 1097 oum
1226 1038 1283 1098 aut

144 1132 185 1198 de
214 1134 362 1201 subiecto
392 1144 448 1202 aut
477 1138 517 1203 de
545 1137 675 1205 obiecto
707 1138 848 1220 intellegi
871 1142 987 1220 potest,
1013 1136 1184 1201 diversitas
1207 1154 1281 1201 sen-

143 1238 267 1303 tentiae
299 1239 381 1331 haee
414 1239 482 1307 fere
515 1241 630 1308 oritur:
660 1261 711 1307 me
742 1242 888 1307 omnium
920 1240 1089 1305 hominum
1119 1257 1282 1303 summam

145 1357 219 1406 esse
249 1343 440 1409 amatricem
471 1344 549 1425 eine,
573 1344 660 1409 illurn
684 1344 830 1409 omnium
852 1343 1021 1409 hominum
1045 1342 1282 1406 amatissimum

144 1460 219 1510 esse
241 1446 319 1510 mihi
341 1445 376 1531 (a
397 1448 472 1530 me).
505 1444 553 1513 Ae
569 1446 714 1531 proiecto
732 1446 930 1529 ambiguitas
954 1445 1116 1529 quaedam
1133 1445 1282 1509 animad-

144 1548 302 1614 vertenda
330 1557 393 1630 est,
416 1569 474 1634 per
495 1570 531 1617 se
554 1552 641 1617 enim
664 1551 845 1634 significare
868 1555 1005 1633 possunt
1021 1549 1085 1613 duo
1101 1548 1155 1612 illa
1170 1566 1281 1613 exem-

143 1650 198 1734 pla
232 1658 300 1716 aut:
336 1671 397 1735 ego
431 1659 560 1736 praeter
590 1661 728 1733 ceteros
758 1655 779 1718 i.
810 1673 836 1720 e.
868 1653 970 1736 magis
1012 1670 1110 1736 quam
1153 1656 1282 1716 eeteros

143 1754 233 1819 illum
263 1773 354 1820 erum
377 1762 471 1821 tuum
494 1775 570 1822 amo
594 1763 625 1822 et
648 1757 731 1837 eolo,
755 1764 824 1821 aut:
847 1775 907 1840 ego
930 1756 1036 1838 magis
1059 1773 1157 1838 quam
1181 1754 1281 1820 ceteri

145 1856 302 1938 (ceterae)
326 1878 401 1925 amo
427 1865 487 1925 eet.
518 1859 564 1924 Ex
587 1878 672 1925 nexu
695 1861 928 1925 sententiarum
952 1864 1049 1942 atque
1073 1857 1185 1922 ordine
1208 1875 1281 1922 ver-

140 1959 260 2026 borum
283 1961 359 2025 illud
384 1961 635 2044 praeferendum
658 1980 730 2029 esse
754 1963 958 2029 coniecerim.

247 2082 376 2141 Prorsus
406 2085 501 2142 simile
529 2094 627 2144 exstat
650 2086 819 2161 exemplum
841 2085 963 2144 ablativi
988 2104 1056 2142 eum
1080 2102 1118 2142 ex
1133 2083 1280 2159 praeposi·

139 2167 224 2227 tione
255 2170 407 2227 coniuncti
435 2171 525 2235 Most,
555 2171 617 2229 337
640 2171 686 2229 tut
708 2189 756 2245 epo
780 2189 816 2229 ex
838 2171 968 2230 omuibus
991 2176 1103 2246 optume
1124 2169 1207 2240 ποῖος
1228 2168 1280 2225 ubi

141 2256 233 2314 etiam
258 2256 352 2332 magis
385 2264 428 2312 est
457 2267 604 2332 apertum,
633 2258 794 2315 ablativum
824 2258 860 2314 ad
887 2257 1058 2314 adverbium
1090 2274 1141 2330 per
1163 2274 1194 2312 se
1216 2273 1281 2312 non

140 2359 206 2399 esse
236 2339 434 2416 referendum,
464 2361 530 2399 eum
563 2346 676 2416 optume
703 2361 739 2401 ear
770 2343 900 2401 omuibus
924 2344 974 2418 (sc.
998 2341 1185 2418 hominibus)
1208 2339 1281 2415 quid

140 2427 200 2485 sibi
228 2427 306 2501 velit,
341 2428 463 2485 omnino
492 2447 552 2487 non
582 2427 780 2505 intellegatur.
824 2427 1014 2505 Superlativo
1037 2447 1109 2486 vero
1131 2426 1280 2502 signifiea-

140 2522 201 2588 tur,
225 2513 354 2588 aliquem
377 2533 414 2571 ex
436 2532 563 2573 numero
587 2515 724 2573 omnium
747 2516 904 2591 praecipue
926 2515 1060 2590 spectari.

247 2630 306 2695 Hie
329 2632 618 2696 commemoranda
642 2631 788 2697 videntur
810 2632 965 2697 nonnulla
986 2630 1144 2712 exempla,
1159 2629 1193 2695 in
1208 2630 1280 2712 qui·

140 2732 204 2799 bus
229 2740 358 2815 praeter
380 2734 610 2816 superlativum
637 2754 711 2799 oum
735 2736 886 2816 genetivo
907 2735 1068 2799 artissime
1091 2733 1278 2814 copulatum

140 2854 216 2902 esse
248 2836 375 2901 videtur
406 2843 574 2920 quuutum,
604 2837 721 2920 quibus
750 2839 784 2902 in
815 2837 966 2903 omnibus
989 2837 1160 2918 genetivus
1182 2835 1281 2898 torui-

141 2957 225 3003 uutu
247 2941 384 3020 ponitur.
420 2939 510 3022 Capt
534 2939 597 3007 836
620 2948 806 3022 quantumst
828 2939 992 3004 haustuum
1009 2946 1141 3022 optume,
1157 2937 1193 3001 iu
1207 2944 1280 3000 tetu-

136 3062 217 3124 pore
249 3061 336 3123 eopse
367 3042 518 3119 aduraim
547 3043 628 3108 Rud.
662 3045 724 3110 706
752 3045 802 3107 eui
825 3065 840 3106 e
857 3044 945 3125 forro
966 3050 1078 3106 uatum
1099 3047 1282 3123 queautumst

141 3143 305 3208 homiuum
333 3146 602 3228 sacrilegissume5
625 3146 722 3211 Poen.
745 3147 824 3229 prol.
847 3148 890 3213 90
912 3146 1033 3209 tatuini
1049 3197 1056 3209 .
1071 3193 1078 3208 .
1095 3193 1112 3221 .,
1129 3150 1282 3227 quaretuuv

141 3246 303 3310 bovuiuum
333 3253 419 3310 terra
441 3249 574 3311 sustinet
596 3270 791 3325 sacerrimam
822 3248 938 3315 Pseud.
960 3250 1022 3314 351
1046 3254 1198 3332 quantum
1219 3253 1281 3308 ter-

141 3370 214 3411 ruvu
251 3350 352 3432 tettptt
389 3349 550 3414 homiuum
583 3353 826 3433 parturierunt.
882 3351 1004 3416 Verum
1031 3370 1105 3415 cum
1128 3355 1281 3431 quauturu

142 3472 162 3517 a
189 3452 304 3517 Plauto
327 3454 457 3536 saepius
480 3471 554 3518 eum
577 3455 726 3536 genetivo
750 3455 965 3537 coniungatur
987 3453 1030 3538 (v.
1054 3473 1152 3536 supra
1175 3458 1279 3534 genet.

142 3555 300 3640 quantit),
314 3556 416 3636 magis
433 3574 473 3621 ex
488 3563 648 3640 quantum,
666 3575 765 3640 quam
781 3575 821 3622 ex
837 3556 1040 3640 superlativis
1057 3556 1168 3620 neseio
1184 3573 1227 3618 an
1247 3553 1280 3616 hi

140 3657 282 3741 genetivi
308 3658 449 3740 pendere
477 3660 611 3741 putandi
640 3661 712 3724 sint.
756 3659 869 3743 ltaque
896 3659 983 3724 Lech
1015 3659 1057 3743 (p.
1082 3657 1135 3742 14)
1157 3657 1279 3722 Loren-

141 3763 230 3827 zium
251 3761 307 3846 (ad
330 3761 445 3827 Pseud.
472 3763 544 3849 164)
567 3770 700 3830 secutus
724 3771 757 3829 et
778 3764 963 3846 genetivum
987 3763 1029 3827 ad
1052 3769 1204 3845 quantum
1226 3779 1278 3824 re-

141 3864 249 3930 serens
279 3864 366 3931 idem
394 3866 576 3948 significare
606 3867 651 3930 ait
680 3884 720 3930 ae
748 3866 906 3949 quidquid
928 3885 1002 3930 eum
1026 3866 1186 3946 genetivo,
1211 3864 1279 3928 sive

140 3973 299 4051 quotquot,
329 3969 416 4050 quod
442 3987 575 4050 prorsus
607 3969 755 4050 congruit
785 3988 859 4032 eum
883 3968 1010 4032 dicendi
1032 3985 1151 4049 genere
1174 3965 1279 4030 Plauti

141 4071 334 4153 saepissime
366 4071 501 4135 relativa
527 4072 723 4152 pronomina
753 4071 882 4135 liberius
912 4070 1122 4135 adnectentis.
1165 4069 1278 4150 Neque

141 4179 254 4238 tamen
275 4172 444 4255 genetivus
460 4191 480 4236 a
495 4173 693 4256 superlativo
714 4192 847 4255 prorsus
864 4172 1083 4255 segregandus
1099 4177 1156 4235 est.
1191 4169 1278 4236 Con-
