2842 4890
171 1104 234 1225 De
257 1147 397 1230 genetivi
409 1146 435 1231 ¹)
458 1126 544 1229 apud
559 1146 709 1211 Plautum
725 1165 786 1211 usu
802 1147 978 1229 disputanti
990 1147 1068 1211 mihi
1078 1148 1164 1213 iusto
1175 1151 1302 1215 muneri

172 1267 360 1335 satisfacere
381 1266 503 1348 videor,
528 1267 683 1350 quoniam
705 1286 772 1332 non
796 1267 912 1333 desunt
941 1285 1070 1349 causae,
1102 1269 1219 1351 quibus
1240 1247 1302 1333 im-

173 1389 283 1472 pulsus
310 1407 391 1466 sum,
416 1393 451 1451 ut
474 1386 581 1452 denuo
605 1388 638 1451 in
661 1387 747 1451 hanc
769 1404 838 1452 rem
860 1388 1057 1471 inquirerem
1080 1387 1122 1452 ab
1138 1389 1209 1453 aliis
1224 1395 1301 1455 ante

172 1514 355 1574 tractatam.
398 1506 531 1572 Exstant
554 1508 640 1572 enim
663 1513 792 1590 praeter
813 1508 984 1572 notissima
1006 1507 1124 1574 Holtzii
1146 1514 1179 1575 et
1200 1508 1301 1575 Drac-

171 1630 239 1712 geri
259 1646 368 1711 opera,
385 1626 503 1711 quibus
518 1628 668 1709 permulti
684 1628 892 1694 continentur
906 1628 1048 1710 genetivi
1062 1627 1210 1711 Plautini,
1235 1629 1301 1693 dis-

171 1749 366 1814 sartationes
388 1747 430 1811 A.
454 1746 613 1830 Sedooffa'i
635 1747 682 1814 De
694 1749 834 1831 genetivi
845 1768 907 1813 usu
918 1748 1067 1813 Plautino
1085 1748 1186 1832 (Halis
1198 1747 1303 1815 Saxo·

170 1888 248 1934 num
273 1867 369 1953 1881)
392 1873 424 1934 et
446 1866 486 1930 Ε.
510 1867 623 1932 Lochit'
645 1867 692 1934 De
715 1869 856 1951 genetivi
872 1869 958 1952 apud
979 1870 1105 1951 priscos
1126 1869 1301 1952 scriptores

169 1989 288 2054 latinos
316 2008 378 2053 usu
404 1987 623 2072 (Bartenstein
648 1989 755 2074 1880),
779 2008 918 2072 quorum
940 1990 1000 2056 ille.
1015 1991 1154 2073 scriptor
1176 1989 1301 2072 perspi-

171 2109 282 2174 cuitati
312 2109 427 2174 melius
457 2109 628 2189 consuluit,
652 2110 705 2173 hic
728 2109 761 2173 in
783 2108 881 2175 rebus
904 2110 1094 2175 enarrandis
1117 2109 1302 2174 accuratior

174 2235 229 2294 est.
262 2229 376 2312 Neque
389 2235 502 2295 tamen
523 2234 738 2312 utercumque
758 2230 875 2293 horum
897 2227 1010 2294 libellis
1033 2231 1100 2294 suis
1116 2231 1227 2294 omnia
1242 2227 1300 2294 ab·

171 2349 266 2414 solvit
289 2349 444 2431 exempla.
489 2349 601 2432 Neque
628 2350 663 2413 in
691 2349 826 2432 singulis
855 2351 996 2432 genetivi
1018 2349 1191 2433 generibus
1212 2324 1302 2417 recte

172 2470 275 2551 egisse
303 2469 505 2548 videbantur,
535 2487 642 2552 neque
664 2470 743 2534 satis
766 2470 845 2534 mihi
866 2469 1030 2536 faciebant
1053 2471 1095 2536 ad
1117 2472 1220 2554 ipsam
1244 2488 1302 2553 ge·

172 2589 272 2654 netivi
294 2607 391 2653 casus
414 2595 565 2653 naturam
588 2595 687 2672 atque
708 2590 851 2655 indolem
875 2591 1147 2672 cognoscendam.

273 2681 431 2791 Equidem
446 2728 520 2773 cum
536 2710 569 2772 in
586 2708 746 2775 difficilem
762 2711 998 2793 quaestionem,
1015 2728 1100 2794 quae
1116 2716 1165 2776 est
1180 2710 1221 2776 de
1236 2711 1302 2776 ori-

174 2827 249 2910 gine
271 2829 412 2911 genetivi
433 2828 534 2910 latini,
558 2847 610 2895 me
633 2828 840 2911 abdidissem,
864 2836 1017 2895 accurate
1041 2831 1206 2913 expositos
1230 2846 1302 2896 om·

172 2966 231 3012 nes
264 2948 333 3014 eius
366 2967 445 3013 usus
478 2968 554 3014 mox
588 2949 831 3030 desiderabam3
864 2956 896 3015 et
933 2968 1008 3015 cum
1045 2950 1129 3016 inter
1168 2957 1302 3017 nostrae

172 3068 289 3133 aetatis
321 3069 410 3133 viros
441 3068 558 3134 doctos
591 3070 679 3135 illam
713 3070 900 3152 opinionem
937 3071 1126 3153 praevalere
1147 3071 1301 3153 viderem,

172 3188 356 3270 genetivum
383 3188 458 3255 inde
486 3189 528 3254 ab
555 3190 647 3256 initio
676 3190 916 3256 adnominalem
942 3190 1042 3256 fuisse
1068 3208 1191 3272 casum,
1214 3192 1301 3257 hunc

171 3307 275 3390 ipsum
311 3327 416 3390 usum,
452 3310 485 3374 in
513 3310 614 3375 latino
645 3327 797 3376 sermone
826 3311 892 3376 iam
924 3311 1181 3392 corroboratum,
1212 3330 1302 3376 sum-

172 3444 226 3492 mo
256 3444 355 3510 opere
386 3429 557 3511 cupiebam
588 3431 815 3512 pervestigare.
858 3430 967 3512 Quare
994 3433 1133 3514 primum
1157 3431 1301 3496 omnium

171 3546 300 3612 decrevi
317 3550 509 3631 scriptorem
531 3550 667 3615 latinum
690 3551 817 3633 eligere,
841 3552 896 3634 qui
918 3558 951 3617 et
966 3553 1126 3617 sermonis
1141 3550 1302 3633 elegantia

171 3667 343 3733 excelleret
364 3674 398 3735 et
419 3669 550 3752 linguae
571 3675 767 3736 vetustatem
799 3671 941 3754 aliquam
971 3671 1134 3738 retineret.
1177 3670 1301 3752 Quibus

170 3785 205 3849 in
227 3786 325 3852 rebus
347 3790 469 3854 nullum
491 3789 606 3855 Plauto
622 3790 869 3872 praeferendum
885 3791 969 3856 duxi.
1002 3791 1086 3855 Nam
1102 3810 1302 3875 quamquam

272 4027 294 4092 ¹)
313 4025 476 4100 (lenaticum
491 4044 540 4097 per
557 4045 571 4081 a
588 4030 721 4097 scriptum
738 4029 856 4098 optimos
874 4030 981 4086 codices
1001 4029 1101 4084 saeculi
1115 4029 1153 4084 VI
1166 4034 1194 4083 at
1210 4030 1302 4097 proxi·

170 4125 276 4164 morum
295 4112 422 4167 exhibere
440 4114 520 4168 docet
536 4114 696 4168 Lachmann
715 4114 751 4169 ad
767 4115 848 4169 Luci.
866 4116 879 4169 1
897 4116 922 4182 1,
939 4132 967 4184 p.
983 4117 1023 4168 15.
1042 4144 1075 4154 —
1090 4114 1144 4170 Cir.
1157 4113 1301 4170 Ritschalii

172 4210 265 4264 opusc.
283 4197 312 4251 11
330 4214 356 4265 p.
375 4199 435 4252 782.
