2902 4890
164 112 292 177 negans
325 95 468 162 scribere
493 96 593 163 voluit
621 95 774 178 „logis“
803 112 861 177 pro
889 95 961 174 loci,
990 101 1027 159 ut
1046 94 1300 177 significaretur,

164 216 240 263 eam
258 199 343 263 -suis
375 199 466 280 logis,
500 199 519 263 i.
543 217 573 263 a.
600 216 661 264 sua
693 198 880 264 narratione
913 187 1001 263 nibil
1022 198 1084 264 deo
1102 198 1302 281 ·reliquisse;

164 300 256 384 quod
286 300 382 366 valde
415 300 528 367 dubita
554 317 631 365 num
660 301 822 366 concinne
847 301 894 365 ita
923 300 1168 382 exprimendum
1195 300 1301 380 luerit,

163 403 295 467 etiamsi
322 404 410 485 logis
436 403 520 467 alibi
553 423 631 468 usus
665 405 707 467 sil
741 409 838 485 poeta
871 402 938 487 (cir.
971 402 1053 469 Men.
1085 405 1148 469 ue
1177 405 1327 487 loquere*

159 508 294 588 paucis:
323 528 387 569 non
414 509 521 588 longus
544 507 651 592 logos).
696 507 803 589 Atque
826 507 977 589 equidem
1001 507 1111 571 nescio
1135 526 1177 570 an
1200 526 1299 588 geue-

162 610 251 674 tivus
274 609 402 676 defendi
424 611 536 694 possit,
561 610 689 676 etiamsi
710 612 796 672 satin
819 629 877 692 per
898 630 934 675 se
955 610 1061 675 minus
1083 616 1195 692 aptum
1213 611 1300 676 vide-

161 721 265 793 retur,
293 713 380 795 quod
402 715 587 795 genetivum
610 720 744 794 regeret.
788 713 937 795 Namque
960 714 1021 794 ipsi
1042 714 1222 778 sententiae
1244 731 1303 796 ge·

162 818 295 883 netivus
327 818 514 899 aptissimus
548 823 597 882 est
630 815 792 901 (‚‚tantum
821 816 894 893 loci,
928 825 1086 898 guantum
1117 817 1303 898 loqueretur

161 920 257 1000 deuS,
292 920 345 984 vix
372 919 548 1003 reliqnit“);
583 927 614 984 et
637 918 713 982 alibi
743 919 839 1000 paulo
867 917 998 986 liberius
1028 919 1212 999 genetivum
1243 919 1303 983 nd-

160 1023 279 1089 nexuit
310 1030 407 1105 poeta
437 1022 506 1107 (cir.
537 1041 636 1105 supra
662 1024 738 1104 plus
760 1021 847 1104 Epid.
870 1024 934 1086 615
956 1019 1118 1085 duodecim
1140 1023 1207 1085 deis
1224 1024 1305 1105 plus

158 1143 263 1211 quam
284 1127 320 1188 in
341 1127 425 1188 caelo
447 1125 625 1208 deorumst).
669 1124 732 1191 Sed
754 1127 833 1188 saus
856 1125 1010 1189 adverbio
1026 1144 1156 1191 omnem
1173 1126 1302 1207 quanti-

157 1230 244 1295 tatis
267 1229 536 1311 significationem
558 1248 674 1293 vereor
697 1246 738 1293 ne
761 1228 878 1310 Ussing
893 1247 959 1292 non
974 1229 1043 1294 iure
1058 1228 1303 1308 abiudicaverit,

159 1352 242 1398 cum
274 1333 382 1396 multis
412 1332 493 1397 locis
522 1331 608 1414 apud
638 1331 787 1395 Plautum
810 1332 892 1395 hacc
916 1330 1106 1412 significatio
1130 1331 1303 1396 manifesta

159 1436 207 1500 sit
231 1433 301 1512 (cl'r.
323 1434 405 1500 Men.
428 1435 491 1497 319
513 1435 599 1496 satin
620 1432 838 1516 lnocinqucm,
866 1434 949 1516 quod
970 1434 1069 1511 uidae,
1092 1433 1193 1496 tribus
1217 1432 1306 1496 uobis

156 1543 392 1620 opsonatumst,
415 1556 458 1598 an
480 1556 594 1617 opsono
616 1536 772 1617 amplum
800 1534 887 1600 Pers.
913 1537 952 1598 18
974 1537 1060 1598 satin
1082 1558 1154 1618 crgo
1176 1557 1214 1600 ec
1235 1558 1303 1599 sen-

157 1640 276 1716 tentia,
306 1638 370 1703 cet.
404 1658 433 1700 r.
467 1638 614 1702 Lorenzii
644 1638 716 1702 adn.
745 1637 786 1701 ad
816 1637 908 1702 Most.
939 1638 1001 1722 76).
1046 1639 1083 1702 Et
1117 1640 1304 1721 partitivam

154 1745 233 1809 rim
257 1742 389 1806 retinuit
410 1748 461 1803 snt
487 1759 617 1824 quoque
640 1761 714 1804 cum
738 1741 838 1805 verbo
861 1741 977 1822 agendi
1001 1743 1210 1807 coniunctum
1233 1742 1304 1806 Ter.

153 1846 284 1911 Heaut.
308 1845 371 1909 225
394 1845 451 1905 etsi
472 1845 501 1906 is
522 1864 642 1927 quoquc
662 1863 795 1905 sucrum
816 1864 923 1904 rerum
945 1846 1065 1925 satagit
1094 1843 1161 1927 (elr.
1186 1845 1305 1926 Ussing

158 1950 209 2014 ad
243 1948 363 2013 Bacch.
396 1949 470 2028 635,
504 1967 569 2031 quo
603 1949 676 2012 loco
710 1947 822 2011 neseio
855 1948 945 2015 unde,
974 1948 1146 2013 lectionem
1175 1949 1305 2030 petierit

160 2052 324 2133 Georges
352 2070 452 2134 quarn
474 2051 506 2114 in
533 2050 606 2115 Lex.
634 2051 688 2115 lat.
711 2050 842 2133 prolem,
865 2051 1022 2132 satagitas
1045 2057 1079 2113 tu
1101 2071 1208 2112 rerum
1231 2058 1303 2113 tna-

153 2176 256 2231 rum;
280 2154 380 2220 Geelz
404 2160 436 2219 et
459 2153 575 2236 Ussing
598 2156 703 2237 agitas
725 2161 775 2216 sat
790 2161 854 2216 tute
869 2161 997 2216 taurum
1012 2176 1120 2217 rerum
1135 2155 1304 2239 scribunt).

155 2258 282 2341 Itaque
310 2258 386 2323 hinc
415 2258 537 2321 nullum
567 2259 633 2340 peti
660 2264 767 2340 potest
801 2264 1037 2339 argumentum,
1069 2277 1127 2323 cur
1149 2259 1235 2323 hunc
1258 2259 1304 2323 lo·

158 2381 244 2428 cum
267 2360 451 2425 Plautinum
474 2378 546 2426 esse
569 2379 734 2443 negemus
758 2361 833 2426 licet
855 2361 925 2424 aliis
948 2361 987 2425 de
1011 2361 1117 2425 causis
1134 2370 1306 2443 suspectus

159 2466 209 2531 sit
231 2463 300 2549 (cir.
323 2464 463 2544 Ussingii
485 2463 580 2548 adn).

170 2616 173 2621 .
272 2564 415 2632 adfatim.
459 2567 541 2632 Men.
570 2567 633 2632 457
664 2567 836 2648 adfatilnst
869 2566 1045 2643 licinianum
1075 2567 1144 2641 Mil„
1161 2569 1225 2632 980
1246 2565 1306 2631 teca·

157 2672 359 2736 diuitiarum
392 2672 578 2754 adfctlmst;
612 2670 688 2737 cist.
717 2672 780 2735 238
814 2671 950 2733 aliorum
984 2672 1125 2756 affatim
1159 2679 1212 2748 cst,
1249 2671 1305 2755 qui

140 2776 307 2856 jaciam,
335 2784 395 2841 cet.
860 2798 861 2803 ¹

271 2877 421 2964 largiter.
465 2879 545 2942 Rud.
579 2879 659 2942 1188
690 2878 780 2939 credo
810 2898 863 2960 ego
894 2877 1002 2959 edepol
1027 2879 1095 2940 illic
1123 2875 1224 2940 inesse
1251 2900 1305 2941 m·-

158 2982 253 3065 gentc'
276 2988 304 3042 et
325 2983 401 3044 artri
423 2983 571 3063 largum
593 2981 685 3047 Truc.
710 2983 774 3047 903
797 2982 911 3044 ueteris
933 2982 1004 3043 uim
1028 2982 1161 3063 largiter
1181 2988 1216 3042 ut
1238 2982 1305 3045 dias

163 3092 331 3168 noctesque
347 3092 449 3167 poten
470 3085 550 3148 Rud.
576 3087 658 3150 1315
681 3086 815 3167 largiter
836 3084 986 3147 mercedis
1008 3085 1201 3166 indignatam

271 3204 395 3272 parum.
428 3188 551 3252 Bacch.
574 3189 634 3253 671
655 3188 813 3268 fortassis·
836 3194 870 3249 tu
891 3188 967 3248 altri
989 3187 1150 3268 decepsistl
1168 3207 1307 3268 parum;

166 3290 266 3356 Merc.
282 3293 351 3356 >692
376 3311 536 3372 parumne
562 3289 618 3353 hoc
642 3298 686 3353 est
707 3292 810 3352 malae
831 3292 887 3354 rel.
911 3328 950 3336 —
973 3290 1088 3353 Pseud.
1110 3291 1172 3355 477
1197 3290 1304 3371 edepol

166 3395 278 3457 merito
310 3414 374 3456 esse
407 3395 524 3456 iratam
553 3393 701 3470 arbitror,
736 3415 828 3477 quom
855 3393 943 3474 cptcd
968 3400 997 3455 te
1013 3400 1152 3476 puruast
1174 3392 1306 3483 clfides

168 3497 267 3562 variis
302 3497 407 3561 modis
441 3496 603 3561 scribitur:
633 3504 772 3578 perirest
801 3498 829 3559 ei
851 3495 937 3576 fides
966 3495 1098 3562 Mueller
1129 3505 1160 3561 et
1193 3495 1304 3578 Goetz,
1350 3487 1351 3491 ’

168 3600 357 3666 Fleckeisen
385 3607 534 3682 perarmet
568 3601 596 3662 ei
617 3599 712 3681 fides,
747 3601 864 3681 Ussing
897 3617 974 3664 vero
1008 3607 1065 3663 aut
1089 3599 1173 3680 fidei
1205 3600 1305 3665 scribi

169 3703 281 3768 maluit
305 3711 360 3768 aut
380 3703 459 3786 fide.
504 3702 650 3769 Conferri
673 3709 779 3784 potest
802 3702 917 3785 Amph.
939 3704 1004 3768 555
1026 3701 1129 3784 facis,
1165 3705 1229 3766 tuis
1258 3704 1306 3766 uti

168 3809 259 3870 nulla
290 3807 377 3888 aprici
399 3814 427 3869 te
441 3807 526 3887 fides
548 3809 605 3882 sit·
639 3805 694 3870 ubi
727 3826 785 3888 prc
816 3806 971 3870 librorum
998 3807 1088 3868 trulla
1115 3805 1258 3889 Draeger
1281 3807 1305 3891 1,

169 3910 188 3995 ξ
212 3913 283 3991 199,
306 3912 464 3993 3purum
486 3911 598 3975 scribit
621 3917 651 3976 et
667 3909 753 3991 fides
777 3930 836 3992 pro
860 3911 1061 3975 nominativo
1084 3909 1192 3976 habet.
