2842 4890
203 291 226 336 n

162 478 229 525 non
255 457 425 525 defuerunt
459 458 575 542 quibus
597 460 705 524 minus
728 460 778 526 ille
801 467 916 526 auctor
938 462 1081 543 placeret
1093 461 1129 546 ¹),
1152 481 1219 526 non
1241 462 1290 526 in-

160 581 244 645 iuste
266 579 342 643 mihi
365 579 558 644 videbantur
584 586 710 646 veteres
744 580 928 663 scriptores,
962 600 1101 664 quorum
1134 581 1289 647 iudicium

161 699 294 764 minime
314 705 363 764 est
383 700 611 782 spernendum,
628 719 702 765 eum
722 699 870 765 laudibus
893 701 1044 766 extulisse
1055 701 1090 786 ¹).
1123 701 1179 766 Est
1201 701 1289 766 enim

161 837 269 885 sermo
291 818 396 884 Plauti
418 826 450 885 et
473 820 607 902 simplex
630 826 662 885 et
684 820 830 885 sincerus
853 827 885 885 et
907 819 962 885 ubi
977 839 998 885 a
1012 819 1169 887 Cicerone
1185 821 1290 887 differt

161 938 262 1003 multo
289 939 360 1021 plus
387 940 514 1004 videtur
542 939 712 1005 vetustatis
735 960 833 1023 quam
857 939 1051 1005 barbarismi
1072 940 1208 1021 babere;
1232 961 1288 1007 co·

160 1058 308 1124 moediae
342 1060 420 1138 eius,
445 1059 562 1142 quibus
595 1078 647 1125 res
675 1079 693 1125 e
720 1060 827 1126 media
856 1061 922 1125 vita
951 1062 1072 1143 petitae
1097 1067 1288 1142 tractantur,

162 1177 343 1262 perfectam
378 1179 536 1262 praebent
572 1180 747 1263 imaginem
783 1181 944 1247 sermonis
981 1181 1147 1261 cotidiani,
1184 1181 1289 1264 qualis

166 1300 274 1383 prisca
314 1305 422 1366 aetate
458 1307 537 1379 erat,
572 1300 669 1383 idque
698 1300 745 1365 eis
772 1291 827 1385 qui
853 1301 981 1384 linguae
1010 1301 1142 1366 student
1171 1300 1289 1366 fructui

161 1420 384 1503 potiusquam
407 1421 528 1485 damno
551 1439 624 1486 esse
646 1427 784 1502 oportet.
817 1420 997 1502 Sperabam
1020 1421 1116 1504 igitur
1137 1422 1288 1504 genetivo

160 1539 308 1605 Plautino
336 1558 435 1622 quam
464 1559 595 1623 possem
625 1540 793 1624 diligenter
819 1541 986 1624 explorato
1017 1541 1137 1624 aliquid
1165 1541 1289 1606 novia

162 1677 215 1727 me
237 1659 370 1724 allatum
392 1660 441 1742 iri,
465 1661 553 1743 quod
575 1660 617 1725 ad
631 1661 818 1727 universam
833 1661 929 1725 huius
944 1679 1041 1726 casus
1056 1661 1216 1726 rationem
1233 1679 1289 1728 ex·

161 1781 347 1864 ponendam
368 1781 521 1846 idoneum
544 1786 638 1846 esset.
672 1779 778 1861 Quare
794 1800 995 1864 quamquam
1010 1782 1044 1845 in
1058 1782 1121 1846 hac
1135 1781 1288 1847 disserta·

163 1901 253 1966 tione
275 1901 419 1982 singulos
448 1919 524 1965 usus
553 1900 756 1967 describendi
784 1907 895 1983 partes
917 1902 1104 1984 potissimas
1126 1901 1177 1966 vel
1200 1901 1288 1967 solas

161 2037 234 2089 esse
256 2038 348 2085 meas
380 2020 615 2100 existimabam,
646 2020 686 2086 de
715 2039 931 2104 rerumquae
965 2020 1160 2087 adterendae
1194 2027 1288 2087 erant

161 2141 276 2209 ordine
299 2160 372 2206 cum
396 2141 475 2205 mihi
490 2160 556 2206 non
575 2141 740 2224 placerent
755 2141 874 2206 tradita
888 2142 1176 2225 grammaticorum
1192 2159 1287 2225 prae·

161 2267 267 2346 cepta,
290 2268 326 2326 ut
347 2262 492 2344 meliora,
515 2262 543 2326 si
565 2261 632 2327 fieri
654 2267 775 2345 posset,
791 2263 978 2346 reperirem,
993 2262 1178 2328 universam
1199 2261 1287 2327 illam

162 2381 203 2448 de
224 2381 365 2463 genetivi
387 2382 511 2465 origine
534 2382 760 2466 quaestionem
782 2401 824 2447 ne
846 2402 933 2448 nunc
951 2382 1083 2466 quidem
1099 2382 1178 2447 mihi
1194 2400 1287 2465 pror·

162 2519 218 2566 sus
240 2501 438 2567 reiciendam
461 2501 695 2584 intellegebam.

262 2740 329 2806 lam
360 2741 414 2806 diu
443 2741 528 2806 inter
560 2742 648 2807 viros
676 2742 791 2808 doctos
826 2742 866 2807 de
893 2761 972 2809 vera
1002 2740 1143 2824 genetivi
1171 2747 1288 2807 natura

161 2861 328 2928 contentio
354 2867 413 2943 est,
445 2879 552 2944 neque
578 2861 685 2928 adhuc
714 2879 754 2928 ea
780 2880 833 2927 res
860 2861 1035 2926 diiudicata
1065 2867 1123 2928 est.
1166 2861 1228 2925 Alii
1254 2861 1288 2926 in

160 2981 225 3049 loci
246 2981 433 3047 notionibus
456 2981 614 3064 originem
637 2982 705 3047 eius
727 2982 909 3066 repperisse
931 2981 992 3046 sibi
1014 2981 1217 3062 videbantur,
1234 2981 1287 3047 alii

161 3101 420 3185 grammaticum,
450 3107 487 3165 ut
515 3101 615 3184 aiunt,
647 3101 953 3185 adnominalemque
982 3120 1056 3167 eum
1084 3119 1157 3167 esse
1187 3101 1288 3168 male-

163 3220 260 3302 bant;
290 3228 323 3288 et
350 3240 549 3307 quamquam
578 3229 692 3288 nostra
720 3229 828 3289 aetate
854 3223 938 3288 haec
968 3222 1130 3289 sententia
1160 3222 1288 3305 pervul-

160 3347 238 3426 gata
267 3349 327 3424 est,
362 3349 438 3409 sunt
466 3349 577 3408 tamen
607 3343 662 3427 qui
687 3343 775 3408 illam
797 3343 1043 3426 amplectuutur.
1086 3342 1288 3409 Vetustiores

160 3463 365 3546 grammatici
380 3463 525 3529 nonnulli
540 3464 756 3547 separativam
777 3464 946 3531 notionem
968 3463 1125 3547 genetiuis
1148 3463 1287 3547 plerum·

160 3600 225 3667 qua
246 3582 441 3665 tribuebant,
463 3603 550 3649 nunc
572 3584 628 3669 qui
651 3584 787 3650 localem
809 3591 960 3650 naturam
981 3584 1012 3650 ei
1031 3584 1139 3651 inesse
1154 3590 1288 3651 censent

160 3701 336 3768 locativam
362 3705 502 3769 maxime
535 3704 601 3768 vim
633 3722 706 3770 esse
733 3704 941 3771 contendunt.
985 3703 1058 3787 Qua
1079 3706 1113 3770 in
1134 3723 1172 3770 re
1193 3721 1287 3786 prae·

264 3940 285 4010 ¹)
304 3941 500 3995 Gravissimum
519 3941 648 3995 iudicium
661 3942 695 3995 de
707 3956 739 3995 eo
749 3941 815 3997 lecit
829 3943 965 3997 Deeclre
977 3942 1005 3995 in
1017 3942 1097 4008 libro,
1110 3953 1189 4007 quem
1203 3952 1289 4005 nuper

162 4025 257 4091 edidit,
282 4026 410 4096 Beitrdge
432 4044 490 4098 zur,
508 4027 675 4096 Audassung
702 4027 751 4081 der
768 4028 947 4082 lateinischen
966 4025 1105 4091 Inflatum,
1125 4023 1288 4078 Gerundial·

161 4109 216 4165 und
226 4110 609 4180 Supinum-Konstrulrtionen
626 4112 802 4181 (Mttlhausen
820 4113 839 4166 i.
857 4110 889 4167 Ε.
911 4112 997 4179 1890).

263 4195 284 4266 ’)
302 4196 358 4250 (llr.
378 4197 496 4266 Ussingii
515 4197 620 4268 Proleg.
639 4215 665 4268 p.
685 4199 743 4253 146.
841 4196 844 4201 ’
