2842 4890
184 259 225 324 68

138 466 224 526 uitus
251 462 344 522 Venus
373 480 418 521 me
445 462 537 521 uoluit
557 460 761 534 musicam·
792 461 884 520 True.
911 461 972 521 187
996 466 1025 522 te
1043 479 1135 523 unum
1157 480 1196 522 cu
1215 478 1268 521 om·

140 552 224 612 uitus
247 553 335 608 amat.
1039 606 1045 617 ‚

244 634 303 694 His
325 635 506 710 subiungem
527 633 635 691 Pseud.
660 632 723 691 390
740 633 832 708 pauci
852 651 888 692 ex
909 632 1008 693 mults
1030 636 1100 693 suut
1119 632 1209 692 amici
1226 631 1269 691 te

141 722 220 791 mini,
253 721 305 778 etsi
334 720 423 795 pauci
450 739 517 777 eum
549 719 686 794 genetivo
710 739 727 775 a
749 718 858 776 Plauto
887 738 950 777 non
979 719 1172 777 construitur.

245 801 294 872 de.
339 806 422 882 Cepi.
458 806 521 863 482
556 805 617 863 dico
651 823 738 863 unum
771 805 877 863 dictum
910 803 945 862 de
972 803 1058 863 diets
1089 803 1272 879 mulioniam

141 891 233 951 Stich.
257 892 321 950 400
351 892 398 951 ibo
427 891 504 951 iutro
538 891 578 949 ad
607 890 697 949 libros
725 894 753 949 et
782 891 891 950 discam
921 890 956 950 de
985 889 1070 949 dictis
1090 890 1272 960 mierum

142 979 341 1056 supplendum
374 995 462 1037 uuum
492 976 641 1034 existimat
671 976 752 1034 Loch
774 978 795 1040 l.
819 996 842 1036 c.
867 996 894 1053 p.
920 975 968 1050 19,
1000 977 1082 1051 quod
1111 994 1217 1035 vereor
1237 993 1272 1033 ne

142 1065 233 1141 paulo
257 1065 359 1122 durius
382 1064 420 1122 sit
443 1064 594 1136 omissum,
626 1063 739 1120 etiamsi
765 1082 802 1119 ex
831 1071 933 1120 nostro
956 1080 1093 1121 sermone
1115 1080 1205 1121 uuum
1226 1058 1273 1122 vel

143 1149 262 1225 aliquod
284 1148 474 1209 desideratur.

245 1232 291 1297 iu.
336 1235 416 1298 Pers.
445 1234 505 1292 561
543 1237 573 1292 tu
599 1235 628 1292 iu
658 1232 719 1291 iliis
741 1251 771 1292 es
793 1232 887 1292 decem
909 1232 1067 1294 sodalibiu.
1098 1233 1198 1292 Dein
1225 1230 1272 1291 efr.

142 1321 229 1379 etiam
254 1321 320 1381 Cas.
345 1322 408 1379 244
432 1324 458 1379 te
479 1338 544 1378 sene
567 1319 691 1379 omnium
713 1319 743 1378 in
765 1323 876 1378 senecta
897 1320 1035 1379 neminem
1061 1337 1124 1380 esse
1145 1317 1273 1394 iuuenio-

141 1423 222 1480 rem;
243 1408 314 1465 Aul.
339 1408 399 1466 723
418 1405 638 1482 perditissimus
659 1423 723 1463 sum
746 1406 871 1464 omnium
892 1406 923 1464 in
946 1409 1034 1466 terra.

243 1507 395 1591 Sequitur
418 1514 453 1571 ut
475 1526 532 1571 eos
555 1507 646 1571 locos
669 1523 908 1587 enumeremus,
930 1505 985 1569 ubi

241 1627 333 1675 neme
366 1610 516 1691 genetivo
553 1608 703 1690 partitivo
738 1607 894 1672 definitur.
938 1607 1054 1691 Amph.
1094 1606 1155 1672 146
1190 1624 1272 1669 nerto

31 1795 34 1800 ἱ
142 1713 254 1776 horum
276 1714 363 1775 intus
380 1711 606 1795 familiarium
627 1710 736 1772 iiidere
754 1711 887 1792 poterit;
909 1709 982 1777 Ces,
1003 1710 1068 1774 244
1082 1716 1112 1773 te
1125 1729 1200 1772 sene
1213 1728 1273 1772 mu

141 1816 232 1878 nium
253 1815 288 1877 iu
310 1821 432 1877 senecta
455 1814 607 1876 neminem
630 1833 694 1876 esse
717 1815 915 1897 iqnuuiorem
927 1815 955 1895 ¹)
961 1836 970 1889 ‚·
991 1813 1052 1878 Mil.
1070 1812 1274 1879 leiusticum

142 1938 307 1981 seruorum
334 1937 398 1980 esse
421 1923 551 1999 praeter
579 1937 626 1977 me
645 1915 771 1995 fidelem
794 1917 964 1993 nemiuem
984 1917 1070 1982 Trin.
1091 1916 1157 1983 542
1182 1915 1273 1980 Suro·

142 2041 213 2084 rum
233 2072 239 2085 .
259 2071 265 2085 .
282 2071 288 2084 .
307 2039 395 2083 nemo
429 2025 547 2093 exstem
581 2018 679 2084 Poen.
713 2021 775 2085 766
809 2025 935 2083 tuorum
961 2020 1049 2103 apud
1076 2039 1124 2084 me
1146 2024 1273 2095 uentum

142 2125 231 2191 Asin.
265 2126 329 2190 720
360 2145 448 2187 uerno
474 2122 565 2186 habet
589 2122 716 2199 horum
742 2124 840 2189 Poen.
867 2126 931 2190 540
957 2145 1044 2188 uerno
1070 2127 1274 2187 nostrorumst

142 2249 216 2292 suus
244 2233 400 2309 rupturus
428 2228 578 2303 raruire3;
611 2227 652 2291 ib.
685 2229 745 2293 861
784 2248 859 2290 naui
889 2234 1067 2290 nostrorum
1104 2247 1194 2291 nemo
1231 2227 1272 2290 di·

141 2338 253 2413 9nust,·
275 2328 373 2394 Stich.
397 2331 461 2395 674
483 2330 605 2392 mirum
619 2329 727 2392 uideri
741 2331 860 2392 nursini
874 2336 1015 2393 uestrum
1030 2330 1118 2406 uoio;
1140 2329 1203 2396 Mil.
1219 2330 1273 2397 761

142 2435 296 2495 nerninem
318 2453 424 2495 eorum
446 2431 522 2494 iuer
549 2433 738 2495 adseuerure
770 2432 895 2496 audias.
920 2471 963 2479 —
991 2432 1166 2499 Praeterea
1189 2432 1274 2516 Cupi.

144 2535 217 2615 828,
240 2535 294 2599 ubi
318 2534 447 2600 Schoell
468 2535 580 2599 scribit
609 2536 686 2618 quiri
708 2534 765 2597 hoc
786 2534 909 2598 terniue
923 2535 1063 2620 udaeque
1084 2555 1174 2598 nemo
1196 2534 1277 2599 uiuit

136 2639 350 2721 fortunatior,
373 2637 449 2702 Brix
478 2645 657 2720 praeeunte
681 2636 868 2704 Camerario
891 2640 947 2722 qui
974 2637 1096 2701 homine
1117 2636 1282 2704 homiuum

142 2748 202 2806 eei.
225 2740 336 2820 edidit;
359 2741 450 2805 loeus
474 2759 573 2804 sanus
593 2760 659 2805 non
675 2748 724 2806 est
740 2742 811 2824 (qui
825 2740 985 2804 ioruirium
1000 2739 1128 2806 exhibet
1144 2742 1218 2808 cod.
1233 2740 1283 2825 ii).

141 2844 234 2909 True.
263 2844 327 2908 300
356 2863 443 2905 neum
470 2842 558 2905 iiouio
587 2842 638 2905 tic
660 2844 748 2925 apud
769 2861 828 2906 uus
851 2845 927 2906 solet
943 2844 1068 2927 perium
1089 2843 1136 2908 ita
1160 2862 1287 2911 secun‘

143 2947 220 3011 dum
243 2947 270 3011 A
294 2946 392 3011 edidit
415 2944 552 3026 Schoell‚
578 2946 636 3012 sed
659 2967 746 3008 neruo
768 2947 928 3009 horuiuum
949 2947 982 3010 in
1004 2946 1053 3010 LZ
1076 2952 1191 3012 exstat.

245 3102 327 3165 Hine
350 3100 453 3165 facilis
478 3106 527 3165 est
546 3108 771 3184 transgressus
786 3103 828 3166 ad
843 3100 1030 3183 numeralia,
1048 3121 1187 3185 quorum
1203 3122 1291 3169 eum

143 3206 293 3287 genetivo
328 3205 503 3270 coniuncta
538 3213 668 3286 praeter
699 3206 785 3268 inille
818 3212 850 3272 et
882 3206 974 3268 mitia
1008 3205 1094 3288 apud
1127 3204 1279 3271 Plautum

142 3308 229 3372 nulla
259 3308 474 3385 inveniuntur,
505 3307 567 3370 nisi
596 3308 659 3372 hue
688 3307 808 3374 referre
831 3309 879 3373 vis
901 3308 1097 3373 adieetivum
1119 3328 1214 3387 uuus,
1239 3309 1279 3376 de

142 3430 207 3493 que
230 3430 328 3493 supra
353 3409 486 3492 egimus,
511 3417 543 3473 et
567 3410 692 3475 similia.

171 3536 174 3541 ·
248 3511 337 3577 mille
375 3532 450 3577 cum
485 3513 637 3594 genetivo
672 3514 882 3579 coniunctum
916 3513 1002 3596 apud
1034 3512 1186 3579 Plautum
1218 3534 1278 3598 pro

107 3698 110 3703 Ι
142 3616 346 3680 substantivo
375 3616 561 3681 habendum
589 3623 647 3681 est.
694 3618 723 3681 Is
746 3624 857 3683 tamen
880 3619 980 3698 iocus,
1010 3618 1065 3702 qui
1088 3623 1137 3682 est
1158 3617 1278 3685 Bacch.

141 3719 203 3784 928
227 3740 319 3802 quoru
341 3718 470 3781 Priami
487 3720 632 3801 patriam
648 3772 653 3784 .
672 3767 678 3783 .
696 3772 702 3784 .
717 3722 803 3784 mille
826 3741 896 3784 euru
917 3741 1047 3784 inuuere
1068 3723 1277 3788 nauium...

141 3820 337 3904 subruerunt,
360 3822 393 3885 in
416 3822 534 3886 multas
562 3823 589 3886 is
618 3822 752 3906 quidem
774 3832 883 3906 partes
911 3824 1154 3906 interpretando
1177 3825 1279 3891 trahi-

141 3932 200 3989 tur.
234 3923 386 4011 Holize2)
410 3925 505 4006 enim,
531 3925 586 4008 qui
607 3926 783 3992 lectionem
806 3927 940 3992 Beckeri
964 3933 996 3991 et
1018 3925 1186 3993 Ritsehelii
1210 3948 1281 3992 eum

247 4100 265 4151 ’t
284 4098 308 4147 te
325 4111 418 4148 senum
436 4095 465 4148 F.
504 4095 558 4148 Cir.
577 4103 696 4149 ceterum
715 4096 776 4149 adn.
796 4096 831 4149 ed
848 4096 876 4152 h.
896 4097 912 4149 l.

244 4183 265 4249 ²)
282 4181 357 4249 Synt.
376 4183 456 4248 prisc.
476 4180 569 4248 script
590 4180 638 4234 lat.
657 4181 669 4234 I
688 4198 713 4249 p.
732 4182 791 4235 413.
