2842 4890
191 256 254 322 164

250 463 309 536 Hie
331 463 423 529 locos
445 463 618 530 nonnullos
640 464 799 540 tractabo,
823 465 878 530 ubi
898 472 1007 532 utrum
1030 454 1214 550 genetivum
1238 467 1284 533 ad

146 584 197 628 res
229 563 369 631 referam
398 585 441 631 an
474 566 568 633 aliter
595 558 762 650 explicem,
792 568 872 633 satis
898 575 1005 634 certus
1027 588 1094 636 non
1116 588 1188 635 sum
1211 568 1284 656 (cir.

145 674 253 751 genet.
277 669 412 752 quantit.
432 690 543 751 perna
575 668 653 754 ree);
682 669 757 758 Aul„
774 671 837 752 803
861 672 938 733 doec
957 673 1189 755 propemodum
1213 674 1282 736 idm

146 771 180 832 in
216 771 301 833 uodo
335 771 453 834 scintis
487 791 538 833 res
576 773 725 848 nidetm·;
757 771 810 837 hic
849 775 1017 857 genetivus
1050 781 1083 840 et
1115 774 1158 839 ad
1192 775 1281 839 uado

148 877 181 939 et
203 872 245 937 ad
272 893 323 934 res
353 872 480 938 videtur
511 872 622 938 referri
654 891 766 956 posse:
801 894 875 939 cum
898 875 952 942 itto
973 876 1084 942 nescio
1108 864 1149 942 an
1172 877 1287 960 potius

149 976 381 1042 coniunxerim.
414 976 502 1040 Asin.
525 978 587 1042 219
610 992 675 1041 rem
701 966 986 1062 coinont'oncnpn
1007 997 1067 1063 pro
1090 980 1199 1047 dativo
1223 1002 1283 1046 ou·

149 1082 225 1160 cupi
247 1080 354 1160 potius
378 1064 577 1155 habetur'ex
596 1081 725 1142 eoteont
747 1080 909 1163 pendenti,
927 1100 1025 1166 quam
1048 1101 1107 1166 pro
1130 1083 1286 1166 genetivo

146 1181 189 1244 ad
223 1202 289 1243 rem
312 1181 423 1247 relato.
461 1182 546 1262 Tria,
576 1182 647 1267 629Ι
669 1183 699 1245 si
726 1185 760 1245 tn
792 1192 982 1267 remmom,
1007 1169 1285 1261 decimiacense

148 1280 306 1362 videatur,
330 1272 461 1365 pieriae*
479 1293 536 1347 ent
559 1285 676 1364 fornae,
701 1287 823 1373 sinnam
845 1287 898 1351 hic
922 1285 1047 1353 dubitat
1069 1287 1154 1368 Brix,
1171 1295 1282 1354 utrum

146 1387 315 1467 genetivus
345 1406 388 1452 an
411 1387 537 1452 dativus
560 1387 793 1470 intellegendus
816 1388 868 1455 sit:
892 1396 1041 1455 neutrum
1065 1390 1226 1474 approbat
1249 1398 1282 1459 et

146 1491 255 1557 locum
285 1498 472 1573 corruptum
495 1509 567 1556 esse
589 1498 690 1574 putat.
733 1491 850 1574 Ussing
872 1494 1057 1573 genetivum
1080 1512 1119 1560 ex
1141 1497 1283 1558 esseni·

146 1594 265 1656 deotm·
287 1595 428 1677 pendere
451 1600 572 1675 censet,
595 1600 631 1658 ut
654 1595 708 1674 „in
730 1613 799 1659 rem
822 1598 943 1659 tuam“.
982 1590 1137 1679 Equidem
1161 1597 1201 1663 de
1223 1616 1283 1680 ge-

147 1697 257 1762 netivo
291 1697 370 1762 nihil
403 1697 525 1778 dubito,
560 1697 617 1761 sed
648 1697 796 1779 exempto
834 1696 1047 1764 Ciceroniano
1085 1706 1282 1782 commotus

147 1797 234 1881 quod
263 1797 368 1863 adieri
393 1797 503 1864 Auber
533 1799 564 1880 (1.
586 1799 604 1862 t.
628 1818 657 1881 p.
679 1798 746 1882 34);
770 1801 938 1863 nonnuliis
960 1801 1053 1864 rebus
1075 1798 1280 1884 (inferiorem

146 1922 242 1985 qnam
268 1904 322 1983 te),
345 1905 472 1985 pencris
495 1911 524 1964 et
545 1906 684 1965 noaninis
711 1902 781 1966 dieo
801 1903 875 1986 (pro
890 1904 999 1970 Plano.
1016 1907 1065 1987 12,
1081 1905 1146 1992 30),
1163 1920 1280 1988 epexe-

145 2004 250 2088 getice
272 2005 314 2069 ad
337 2026 402 2068 rem
427 2016 517 2068 ticam
540 2006 724 2087 genetivum
747 2004 893 2074 veteram.
972 2078 974 2084 ,
1068 2024 1072 2031 ’
1103 2028 1106 2034 ’

612 2231 816 2240 -—-—-—--—

248 2419 418 2484 Postremo
452 2419 601 2502 genetivo
635 2417 801 2484 relationis
834 2419 1007 2483 nonnullos
1040 2418 1208 2499 genetivos
1243 2437 1284 2486 ox

145 2522 253 2589 verbis
272 2523 454 2607 ¹pendentes
477 2522 671 2604 subiungere
693 2522 789 2600 volui,
814 2522 901 2604 quod
919 2522 1084 2605 quomodo
1100 2520 1282 2605 explicandi

147 2632 266 2704 essent,
302 2631 409 2689 certus
443 2643 510 2709 non
544 2640 649 2697 eram,
686 2622 736 2687 Ab
771 2623 842 2688 aliis
868 2624 961 2689 aliter
985 2623 1187 2717 explicantur
1211 2623 1282 2709 (cfr.

145 2727 242 2794 Loch.
265 2747 294 2809 p.
318 2725 381 2812 27).
464 2792 467 2797 ,
671 2793 674 2798 ,
783 2794 800 2809 ,,
926 2711 930 2722 ’
968 2714 972 2724 ’

249 2827 417 2915 compendi
433 2829 556 2911 ‚fecere
580 2827 697 2893 Bacch.
725 2827 784 2892 183
806 2828 967 2911 compendi
990 2828 1197 2892 nemamnlte
1214 2828 1283 2894 iam

141 2934 273 3018 faciem
297 2933 369 3008 tibi;
396 2931 487 2996 Most.
510 2932 553 2996 60
575 2931 728 2993 orationis
750 2951 876 3014 opernm
899 2933 1060 3014 compendi
1075 2932 1169 3015 soce·
1192 2931 1280 2999 Pers.

148 3039 211 3103 471
242 3057 296 3119 epo
323 3035 414 3099 nodie
436 3033 588 3117 conpendi
609 3022 681 3116 feci
703 3032 790 3097 binos
808 3048 910 3117 pones
931 3035 967 3098 in
987 3034 1072 3112 dieo,⁸
1094 3034 1193 3102 Poen.
1215 3037 1278 3103 351

145 3141 191 3203 aei
224 3139 336 3222 sepias
370 3158 479 3203 ennom
512 3136 593 3200 idne
615 3130 729 3220 sneene
751 3138 904 3220 conpendi
919 3144 1025 3220 potem
1057 3136 1171 3204 Pseud.
1198 3139 1279 3204 1141

145 3263 272 3325 opernm
299 3242 363 3325 foc
396 3240 558 3323 compendi
584 3262 749 3324 quaerere·
780 3235 873 3306 Teuc.
895 3240 957 3306 377
980 3243 1009 3305 si
1031 3242 1108 3325 qnid
1130 3240 1186 3304 tibi
1208 3260 1282 3307 eon·

139 3346 241 3428 pendi
267 3345 382 3429 secere
406 3345 536 3427 possim.
580 3341 713 3409 Passive
744 3350 918 3425 usurpatur
943 3343 1081 3410 verbum
1104 3339 1191 3409 Asin.
1214 3345 1280 3412 307

145 3447 447 3512 nerdinelitetionem
462 3446 542 3528 fieri
565 3446 717 3528 conpendi
729 3447 827 3527 ·noio„·
849 3436 940 3529 Capi.
964 3446 1028 3513 965
1049 3447 1104 3510 sed
1125 3444 1281 3529 idmfler'i

146 3551 232 3615 dicto
256 3550 408 3633 conpendi
429 3549 515 3624 noio;
537 3543 692 3614 librorum
716 3550 875 3632 scriptura
897 3549 990 3615 dictis
1012 3548 1219 3632 conpendium
1234 3551 1282 3616 ita

148 3654 322 3720 emendata
345 3659 402 3717 est.
1238 3648 1241 3659 '
1265 3664 1268 3671 ·

250 3757 340 3823 Alius
364 3762 413 3832 est
434 3756 613 3839 genetivus,
637 3757 692 3839 qui
715 3774 754 3821 ex
777 3755 992 3837 compendium
1000 3755 1116 3838 facere
1131 3754 1281 3841 („evspa·

146 3865 224 3925 ren“
249 3860 373 3925 Lorenz
396 3860 438 3925 ad
460 3859 575 3927 Pseud.
596 3860 674 3941 584)
698 3858 830 3941 pendet:
853 3858 967 3925 Pseud.
990 3861 1054 3939 605Ι
1071 3858 1281 3958 conpendium

145 3978 200 4047 epo
228 3969 256 4025 te
273 3962 389 4045 fecere
405 3963 558 4045 poliendi
579 3963 666 4038 nolo;
694 3961 775 4026 liud.
801 3962 862 4027 180
882 3963 912 4024 ai
933 3962 977 4024 ed
996 3981 1121 4039 eonem,
1143 3980 1204 4045 qno
1226 3982 1279 4026 ea·

140 4046 250 4150 pessit,
275 4087 312 4128 ea
335 4063 479 4129 deorsum
501 4067 596 4145 cedit,
620 4066 791 4128 mentionis
800 4065 1158 4149 feceritconpendinm5
1177 4063 1279 4131 Stich.

146 4171 208 4235 194
220 4169 295 4232 doec
307 4169 399 4232 verda
412 4167 563 4252 ondipnnt
573 4191 621 4232 me
633 4221 639 4234 .
651 4221 657 4234 .
671 4221 677 4234 .
694 4175 729 4232 nt
738 4169 867 4252 faciam
873 4169 1042 4252 praeconis
1054 4166 1279 4251 compendium.
