2842 4890
210 267 254 331 60

167 473 279 556 Itaque
314 472 445 539 lectioni
474 493 648 557 proxumae
678 474 818 559 uiciniae
850 475 921 556 plus
948 474 1074 543 videtur
1095 475 1303 541 auctoritatis

167 575 374 641 tribuendum
397 594 478 657 esse,
503 575 599 659 idque
622 594 661 640 eo
685 577 789 657 magis
809 577 898 659 quod
911 578 1011 655 etiam
1024 576 1304 651 ‚Celsusviciniae

168 697 234 743 non
257 697 316 760 pro
339 679 499 759 genetivo,
524 679 581 743 sed
603 679 830 744 adverbialiter
853 679 972 744 dictum
996 698 1072 749 esse,
1092 681 1304 745 011101011ηά-

168 781 315 863 litiaeque
344 782 499 847 intellexit
513 780 545 865 ι).
589 781 724 847 Accedit
751 782 838 865 quod
868 782 947 846 Rud.
970 784 1033 848 613
1056 803 1141 847 necue
1164 784 1305 847 laciniae

168 883 267 948 luisse
300 884 437 964 videtur;
470 876 613 967 namque
646 882 773 949 Schoell
802 892 834 950 et
875 885 991 966 Ussing
1031 885 1162 952 codices
1205 886 1304 951 Lam-

170 986 237 1050 bini
273 988 375 1051 secuti
409 986 450 1052 et'
474 987 670 1066 Turnebum,
708 988 763 1070 qui
797 1005 836 1053 ex
870 988 983 1053 codice
1011 988 1184 1070 deperdito
1218 1009 1306 1051 meae

168 1091 308 1152 uiciniae
334 1090 457 1154 addidit
468 1090 506 1174 2),
536 1074 584 1153 ita'
605 1090 785 1155 ediderunt:
819 1091 897 1173 quid
923 1090 974 1152 hic
1000 1092 1033 1153 in
1064 1090 1193 1159 Veneris
1215 1092 1306 1174 ,fano

169 1213 254 1255 meae
287 1194 425 1256 uiciniae
457 1194 605 1256 clamoris
638 1195 756 1280 oritur,
789 1195 880 1258 cuius
914 1194 976 1260 loci
1006 1194 1127 1259 nullam
1156 1193 1306 1260 lecerunt

170 1297 369 1362 mentionem
397 1296 481 1376 Brix,
515 1297 649 1375 Lorenz,
681 1294 809 1377 Schaal,
841 1296 951 1373 Loch„
982 1297 1041 1375 Hic
1068 1297 1208 1359 uiciniae
1234 1303 1306 1361 tam

121 1388 124 1392 ’
170 1405 280 1480 aperte
304 1399 434 1464 locativi
456 1406 613 1474 naturam„
631 1399 782 1474 ostendit,
803 1405 837 1461 ut
853 1399 951 1463 etiam
967 1399 1093 1482 Ussing,
1115 1400 1170 1482 qui
1184 1399 1307 1464 Bacch.

169 1502 232 1566 202
255 1500 331 1585 (205
354 1503 386 1565 in
410 1502 551 1567 editione
575 1499 713 1586 Goetzii)
741 1500 955 1575 dubitaverat,
986 1521 1085 1584 quam
1106 1520 1183 1568 vere
1206 1521 1307 1583 „pro-

169 1607 308 1668 100100ιι
331 1624 390 1686 pro
409 1607 613 1694 „proxume‘
637 1604 678 1668 ab
702 1604 772 1668 aliis
796 1605 1000 1684 scriberetur,
1029 1624 1095 1670 non
1123 1606 1228 1671 solum
1256 1606 1308 1670 eis

171 1708 261 1784 lucia,
296 1727 379 1789 quos
409 1708 583 1787 attulimus
615 1709 699 1791 hanc
729 1708 900 1773 lectionem
923 1709 992 1774 sine
1015 1708 1079 1773 ulla
1102 1708 1308 1782 dubitatione

172 1809 419 1893 praeferendam
448 1829 520 1876 esse
547 1818 689 1885 censeat,
716 1829 825 1875 verum
849 1818 963 1876 contra
987 1812 1137 1898 omnium¹
1155 1811 1309 1876 codicum

171 1914 399 1978 auctoritatem
448 1913 706 1978 substituendam
752 1932 824 1994 esse
855 1915 960 1999 Most.
1006 1917 1086 1980 1062
1113 1915 1187 1982 ‚red
1227 1916 1309 2000 quid

171 2016 227 2078 hoc
250 2023 302 2093 est,
327 2017 409 2100 parad
425 2017 516 2098 foris
531 2018 710 2099 corrcrepuit
720 2038 896 2098 proxumae
913 2018 1065 2093 uiciniam·
1088 2036 1186 2100 quam
1202 2018 1308 2100 scrip-

172 2127 278 2184 turam
301 2139 337 2185 se
365 2120 528 2202 praelerre
555 2120 632 2184 dicit
663 2121 760 2184 etiarn
791 2119 920 2205 Schaal.
964 2120 1113 2208 lnhlibris,
1132 2139 1209 2187 vero
1234 2140 1309 2186 om-

172 2223 267 2287 nibus
297 2229 346 2288 est
371 2214 521 2306 proxima
548 2219 670 2286 uicinia
699 2223 820 2308 (uicina
843 2223 891 2309 C),
927 2243 1031 2307 eaque
1064 2224 1202 2299 lectione
1237 2243 1310 2289 ser-

172 2333 248 2389 vata
271 2326 449 2392 Buecheler
471 2327 487 2392 1.
512 2327 530 2389 l.
553 2327 729 2391 ablativum
753 2346 812 2409 pro
836 2327 985 2406 locativo,
1015 2333 1050 2392 ut
1072 2345 1180 2408 saepe,
1211 2346 1309 2391 usur-

171 2436 283 2511 patum
315 2448 386 2494 csse
419 2435 521 2512 putat,
555 2432 650 2514 eique
683 2431 838 2494 adsentiri
868 2414 995 2496 videtur
1024 2430 1099 2494 Brix
1127 2429 1200 2514 (Mil.
1229 2430 1309 2518 274)

173 2551 247 2595 curn
276 2533 415 2597 Luchsio
445 2532 621 2597 ablativum
644 2540 800 2613 statuens
823 2535 881 2598 sed
904 2553 979 2597 cum
1002 2535 1089 2596 domn
1110 2552 1311 2619 comparans

173 2635 272 2719 („von
295 2637 352 2700 der
374 2638 533 2701 n'achsten
556 2637 823 2719 Nachbarschalt,
847 2657 907 2701 aus
929 2639 987 2701 der
1008 2657 1038 2701 n.
1057 2637 1138 2719 Ν.“),
1162 2637 1214 2703 cui
1233 2638 1311 2703 usui

131 2757 134 2762 ’
173 2740 357 2823 analogiam
387 2741 611 2822 praebere'ait
633 2740 696 2804 Mil.
720 2743 782 2806 154
804 2743 859 2804 sed
874 2743 965 2824 foria
988 2742 1167 2824 corzcrepuit
1187 2740 1263 2803 dinc
1286 2762 1310 2803 a

171 2844 276 2906 airino
299 2864 377 2906 sene.
412 2844 622 2909 Bitschelium
646 2850 757 2909 autem
778 2846 865 2910 hanc
889 2847 1081 2927 scripturam
1103 2847 1311 2927 inprobante

172 2947 313 3008 uiciniae
347 2953 603 3038 commutantem
637 2954 768 3011 secutus
798 2955 847 3012 est
873 2949 1006 3012 Lorenz.
1050 2948 1085 3011 ln
1107 2948 1157 3011 his
1180 2946 1309 3012 difficile

171 3068 251 3137 sane
275 3055 324 3113 est
347 3049 424 3135 quid
446 3068 558 3113 verum
582 3050 623 3113 sit
653 3070 712 3132 pro
741 3058 830 3115 certo
862 3051 1049 3130 diiudicare;
1083 3070 1197 3134 neque,
1219 3051 1309 3115 codi-

172 3151 255 3216 cum
281 3152 509 3217 auctoritatem
543 3152 627 3216 laedi
661 3158 798 3234 oportet,
834 3171 940 3235 neque
953 3149 955 3154 ’
969 3153 1130 3218 ablativus
1148 3173 1310 3237 proxuma

172 3256 304 3332 uicinia,
340 3274 415 3319 cum
448 3274 609 3338 nusquam
643 3256 720 3319 alibi
749 3258 941 3336 inveniatur,
973 3257 1108 3320 multum
1136 3255 1309 3321 verisimile

171 3357 279 3423 habet.
325 3357 389 3423 Sed
422 3365 598 3441 utcumque
633 3365 690 3439 est,
717 3380 894 3441 proxumae
923 3361 1062 3443 uiolatae
1089 3361 1142 3423 vix
1169 3358 1309 3444 dubitari

138 3469 141 3474 ’
172 3467 289 3543 potest,
321 3463 397 3544 quin
422 3469 454 3526 et
476 3448 624 3526 Plautino
653 3463 806 3546 loquendi
832 3464 942 3544 generi
966 3470 1123 3542 congruat
1148 3470 1188 3538 et,
1212 3463 1240 3526 si
1262 3463 1309 3526 ita

172 3565 311 3647 ponitur,
336 3584 395 3646 pro
418 3565 559 3630 locativo
582 3563 769 3629 habendum
792 3566 846 3644 sit;
875 3566 1011 3650 quodsi
1034 3565 1223 3630 adverbium
1244 3565 1309 3630 loci

173 3667 303 3731 additur
336 3666 653 3751 (utillimae),
687 3667 751 3731 hoc
782 3669 876 3750 quasi
903 3669 1118 3762 appositionis
1148 3668 1221 3755 loco
1243 3668 1309 3732 ad-

172 3770 323 3852 iungitur,
359 3772 442 3835 sicut
469 3771 519 3833 hic
542 3772 577 3832 in
599 3790 765 3852 proxuma,
797 3770 858 3832 hcc
887 3772 926 3833 in
944 3792 1145 3853 proxumam,
1176 3771 1248 3834 hinc
1270 3771 1310 3835 de

167 3893 333 3954 proxumo,
359 3892 443 3956 quae
464 3874 543 3939 item
566 3874 654 3955 apud
677 3872 826 3937 Plautum
850 3875 980 3956 saepius
996 3881 1123 3939 exstant
1136 3875 1170 3955 ³).
1203 3873 1310 3941 Prave

258 4044 295 4110 '¹)
313 4042 370 4096 Cir.
389 4043 538 4095 Buecheler
556 4041 589 4094 de
608 4041 673 4095 decl.
692 4059 718 4109 p.
738 4043 787 4094 189
806 4051 832 4095 et
853 4043 951 4111 Ussing
970 4043 1004 4096 ad
1022 4044 1120 4096 Bacch.
1141 4045 1198 4095 202.

276 4128 297 4194 ²)
317 4127 371 4179 Cl'r.
391 4127 490 4196 Ussing
509 4127 544 4181 ad
562 4127 632 4179 llud.
651 4127 709 4179 602.

275 4215 295 4280 ³)
315 4212 369 4266 cn.
389 4214 455 4266 Brix
474 4215 529 4266 Mil.
549 4215 607 4265 274.
