2842 4890
190 259 233 327 44

147 469 228 530 *istrie
257 474 301 529 est
330 467 434 548 nepoti
441 488 449 541 ‚·
482 466 527 530 ita
555 472 645 533 recte
672 465 872 547 transposuit
894 465 997 531 Bothe
1010 464 1034 549 ¹)
1062 466 1108 550 (et
1129 464 1278 548 Mueller)

147 588 206 653 pro
236 569 391 634 librorum
420 570 524 651 nepoti
546 575 598 646 est,
630 569 717 651 quod
740 586 869 633 versum
892 587 958 632 non
981 568 1094 650 explet.
1137 567 1278 634 Prorsus

147 671 348 756 repudianda
375 678 425 736 est
453 671 642 738 coniectura
670 671 869 737 Fleckeiseni
898 669 956 732 n'bl
984 671 1164 752 inserentis,
1199 690 1277 736 cum

147 774 304 842 formulae
326 774 369 838 illi
391 773 548 857 quintini
569 775 673 856 nepoti
700 780 744 836 est
772 791 953 856 pronomen
983 773 1275 838 demonstrativum

147 895 325 961 numquam
358 876 517 943 addiderit
546 876 679 942 Plautus
710 875 750 961 (v.
778 875 884 961 infra).
928 875 1027 942 Multo
1055 877 1162 941 minus
1185 896 1277 940 enor-

146 987 212 1042 inm
245 985 289 1042 ost
320 978 452 1062 probari
485 986 601 1062 potest,
635 979 722 1062 quod
754 979 871 1061 Ussing
900 998 959 1061 pro
988 985 1033 1041 est
1062 979 1168 1045 edidit.
1213 979 1276 1044 Mil.

149 1083 230 1147 1646
260 1082 338 1165 qnid
367 1083 448 1144 istnc
477 1088 521 1144 est
546 1083 651 1164 nepoti
657 1104 666 1158 ,·
699 1082 779 1147 Rud.
802 1083 864 1148 627
887 1082 964 1164 qnid
985 1082 1066 1145 istnc
1089 1089 1133 1145 est
1154 1085 1278 1165 nepoti,·

146 1184 240 1250 Mero.
264 1186 326 1251 825
354 1185 432 1268 qnid
458 1186 538 1247 istnc
566 1187 715 1268 nepotisi;
747 1185 787 1250 ib.
811 1187 872 1250 967
896 1184 931 1247 cli
953 1191 982 1246 te
1004 1184 1153 1267 perdant.
1198 1186 1278 1269 qnid

144 1289 278 1371 nepotist
298 1309 374 1351 narn
395 1308 509 1371 quaeso
533 1289 622 1352 istnc.
637 1323 680 1335 -—
695 1287 892 1372 Sequente
913 1288 1179 1370 explicatione
1193 1289 1278 1371 qnod

147 1390 338 1474 explieativo
361 1397 417 1456 aut
439 1391 596 1473 porticula
617 1391 849 1471 interrogativa
872 1410 951 1474 qnor
966 1408 1132 1473 expressa:
1159 1391 1276 1475 Amph.

145 1494 209 1560 502
237 1493 315 1576 qnid
345 1495 424 1556 istnc
453 1500 507 1572 est,
536 1496 580 1556 ini
600 1497 655 1558 nir
676 1496 789 1576 nepoti,
817 1494 900 1577 qnod
921 1500 955 1556 tn
978 1501 1043 1556 torn
1063 1493 1164 1557 subito
1186 1494 1276 1558 domo

145 1595 254 1670 (thiens,¹
286 1596 366 1660 Rud.
389 1597 452 1661 638
481 1603 516 1659 nt
544 1599 588 1659 mi
617 1599 698 1659 istnc
726 1596 817 1659 dicos
838 1598 942 1680 nepoti
963 1597 1041 1679 qnid
1062 1597 1104 1658 sit
1126 1616 1205 1679 qnor
1227 1604 1276 1659 tn-

145 1699 286 1763 nenltnes.
307 1734 350 1745 -
377 1697 573 1782 Sequente
602 1701 728 1765 altera
757 1699 1072 1782 interrogatione
1105 1697 1182 1763 Cist.
1211 1701 1275 1765 577

145 1800 222 1884 qnid
245 1803 323 1862 istnc
345 1804 449 1884 nepoti
471 1809 525 1879 est,
549 1809 606 1864 ain
627 1804 699 1885 qnis
721 1802 776 1864 es?
790 1839 834 1848 —
852 1803 902 1866 Ex
924 1802 1056 1867 verbis
1078 1801 1276 1867 sentiendi

146 1911 183 1968 et
205 1903 431 1969 declarandi
454 1905 594 1986 pendent
621 1905 736 1988 Amph.
759 1906 822 1972 825
845 1906 949 1968 inscio
971 1904 1150 1987 quidenna
1172 1907 1277 1988 nepoti

144 2007 257 2082 dicam,
291 2008 357 2070 nisi
388 2010 418 2070 si
449 2009 638 2090 quispianist
670 2008 861 2091 Amphitruo
894 2010 998 2083 olium
1031 2008 1113 2072 Trin.
1146 2008 1188 2072 88
1220 2009 1276 2072 sed

146 2111 225 2173 istnc
254 2112 358 2193 nepoti
386 2112 477 2192 onpio
506 2112 588 2173 scire
616 2112 693 2194 qnid
721 2113 788 2176 stet.
832 2111 891 2176 Hic
921 2110 1067 2194 profecto
1094 2111 1182 2175 haud
1205 2112 1276 2177 sine

145 2230 246 2278 causa
269 2214 442 2296 quaeritur,
466 2233 543 2278 num
565 2214 643 2297 pisid
664 2215 797 2297 propius
820 2233 894 2279 eum
916 2214 1066 2296 genetivo
1087 2214 1272 2295 cohaereat,

144 2332 242 2397 quam
265 2318 355 2378 istnc.

247 2418 384 2484 Dativo
412 2437 573 2502 personae
599 2418 709 2484 addito
732 2420 814 2484 haee
837 2418 975 2485 formula
997 2437 1176 2503 numquam
1198 2438 1273 2501 pro·

143 2538 261 2586 nomen
287 2522 575 2587 demonstrativum
597 2522 663 2600 hoc,
688 2523 778 2594 illud,
803 2525 883 2586 toton
905 2523 1060 2602 admittit;
1093 2540 1201 2604 neque
1221 2528 1273 2588 ta-

143 2639 218 2688 men
245 2624 292 2688 sio
320 2625 405 2691 nude
426 2626 566 2708 ponitur,
589 2643 702 2690 verum
724 2643 852 2708 semper
874 2632 930 2690 aut
953 2644 993 2691 ea
1015 2643 1165 2707 persono,
1190 2644 1272 2709 qua-

143 2745 217 2791 oum
246 2728 412 2808 negotium
442 2735 492 2793 est
521 2729 626 2808 alicui,
656 2729 852 2809 nominatur,
881 2736 937 2794 aut
960 2732 1050 2795 loeus
1073 2729 1270 2811 designatur,

142 2828 196 2895 uhi
219 2829 340 2913 aliquid
362 2832 462 2913 egerit
484 2832 521 2910 is,
545 2850 566 2896 a
588 2849 653 2913 quo
676 2833 850 2914 quaeritur,
874 2833 951 2915 quid
974 2834 1003 2898 ei
1025 2832 1146 2913 negotii
1169 2833 1219 2896 sit.

88 2921 92 2932 ¹
244 2933 323 3015 qnid
348 2932 405 2996 tibi
431 2935 536 3016 rsepoti
558 2940 603 2996 est
630 2955 756 2997 nieonns.
801 2934 874 3000 Cas,
896 2937 936 3000 97
960 2936 1038 3018 qnid
1058 2934 1116 2996 net
1137 2937 1274 3016 nepotist

142 3054 276 3101 trisenon:
308 3035 391 3101 Men.
421 3037 486 3101 370
514 3035 592 3118 qnid
622 3057 738 3099 riieornn
764 3036 821 3098 tibi
843 3038 917 3120 snit
940 3058 1088 3119 inirqnorn
1109 3045 1166 3099 ant
1187 3059 1273 3102 rinno

142 3145 186 3199 est
215 3141 319 3221 nepoti
326 3160 335 3214 ‚·
366 3138 427 3203 Mil.
449 3140 513 3205 425
540 3141 611 3221 quis
633 3147 667 3202 tn
690 3139 829 3202 iromo's?
860 3148 918 3203 orit
940 3161 1056 3203 meeum
1079 3142 1156 3223 qnid
1177 3163 1271 3224 nepo·

141 3241 196 3302 list
206 3241 246 3325 2);
277 3239 349 3306 Cas.
371 3243 434 3307 673
456 3242 534 3325 qnid
555 3264 626 3305 cnm
646 3263 684 3305 ea
707 3245 810 3325 impoti
830 3242 932 3311 tibist:
964 3243 1062 3308 Poen.
1086 3244 1169 3309 1306
1192 3245 1271 3327 qnid

140 3342 198 3405 tibi
218 3346 351 3427 inpellet
371 3351 474 3407 alitem
497 3366 589 3428 qnoni
612 3348 698 3410 istor.
720 3381 761 3394 -
785 3346 895 3412 Altera
917 3346 1056 3412 formula

242 3447 321 3529 qnid
342 3445 399 3508 tibi
420 3449 524 3530 nepoti
545 3455 591 3510 est
612 3448 663 3510 irio
685 3455 842 3530 usurpata
865 3456 914 3513 est
935 3448 1027 3514 Most.
1044 3452 1106 3514 945
1120 3449 1175 3511 sed
1190 3451 1269 3532 quid

142 3546 229 3610 nobis
256 3555 301 3610 est
327 3551 431 3631 nepoti
457 3549 524 3616 hic:
556 3550 643 3615 Triu.
670 3553 747 3616 1001
774 3552 851 3633 qnid
875 3552 924 3613 illi
945 3553 1050 3634 nepoti
1065 3552 1174 3633 fuerit
1196 3559 1272 3616 ante

140 3651 245 3727 ondin·
265 3651 381 3733 Amph.
403 3653 468 3718 350
488 3652 566 3735 qnid
587 3654 676 3735 apud
697 3653 790 3716 hasce
808 3654 898 3716 pedis
918 3656 1051 3736 nepotisl
1065 3675 1148 3716 lirino
1163 3654 1270 3742 tiot⁸);

140 3753 211 3817 Aul.
237 3756 300 3818 427
330 3754 386 3816 sed
415 3757 449 3817 in
477 3755 608 3818 oedibus
634 3756 712 3839 quiid
735 3756 792 3818 tibi
814 3758 889 3819 lireio
913 3778 984 3819 riom
1007 3765 1076 3819 erat
1097 3759 1272 3839 nepetino

138 3854 278 3931 adsint&
300 3856 388 3938 Epid.
407 3859 471 3921 499
493 3857 570 3939 qnid
592 3857 650 3919 tibi
671 3860 803 3940 nepotist
826 3879 911 3920 roseae
932 3859 1017 3921 domi
1040 3861 1154 3941 ipitnr,·
1175 3859 1270 3926 Tmo.

243 4029 263 4081 ¹1
282 4025 338 4078 Cir.
357 4026 392 4079 de
409 4026 461 4078 hoc
479 4027 622 4079 verborum
642 4027 819 4080 collocatione
839 4028 912 4081 Loch
931 4045 956 4096 p.
977 4031 1016 4080 15.

241 4114 262 4177 ²)
279 4110 394 4180 nepotist
410 4112 516 4164 Rirschl
536 4121 564 4164 et
582 4113 694 4178 loreas,
712 4115 752 4166 nt
769 4112 857 4182 impoti
878 4129 910 4165 ex
930 4114 1007 4166 libris
1026 4115 1133 4180 scripsit
1153 4114 1225 4168 Brix.

242 4200 264 4257 ’l
282 4211 354 4249 nunc
371 4196 421 4249 tihi
439 4196 553 4266 nepotiei
573 4199 740 4252 fleckeisen.
