2842 4890
333 1129 583 1228 Conspectus
610 1130 891 1230 genanuorum
916 1132 1064 1213 Plauti.

1183 1340 1254 1390 Pegg.

134 1418 179 1472 De
197 1416 301 1472 formis
318 1416 446 1489 genetivi
464 1417 611 1473 Plautinis
658 1458 1091 1477 ...........
1179 1423 1265 1476 1-12

138 1503 705 1576 Genetivusoopiaeetinopiaa.
742 1545 748 1557 .
785 1546 791 1558 .
829 1545 834 1558 .
914 1524 920 1560 3
955 1547 962 1560 .
1000 1549 1006 1563 .
1041 1548 1047 1561 .
1083 1548 1091 1563 .
1161 1509 1265 1562 13-23

237 1587 399 1643 Genetivus
417 1589 517 1662 copiae
536 1606 573 1643 ex
590 1590 687 1644 verbis
705 1590 813 1661 pendet
830 1631 1092 1647 .......
1161 1594 1264 1646 13-15

235 1672 398 1728 Genetivus
416 1674 516 1747 copiae
535 1692 571 1729 ex
588 1675 741 1730 adieetivis
758 1676 866 1748 pendet
915 1717 1092 1733 .....
1161 1680 1266 1732 15-18

235 1757 398 1813 Genetivus
415 1759 532 1830 inopiae
551 1777 587 1814 ex
603 1760 701 1815 verbis
718 1761 827 1833 pendet
869 1801 1090 1816 ......
1160 1764 1264 1817 18-19

235 1843 398 1900 Genetivus
416 1845 533 1916 inopiae
551 1863 587 1900 ex
605 1846 757 1901 adieetivis
774 1846 883 1918 pendet
913 1887 1090 1904 .....
1160 1850 1262 1902 19-21

236 1928 391 1984 Genetivis
410 1932 510 2001 copiae
529 1936 558 1985 et
575 1931 692 2002 inopiae
711 1931 860 1985 subiuneti
877 1932 1008 2003 genetivi
1045 1974 1052 1987 .
1086 1972 1093 1986 .
1163 1935 1267 1986 21-23

130 2013 175 2067 De
192 2013 330 2084 genetivo
347 2016 488 2086 partit-ivo
506 2016 644 2072 universe
661 2017 758 2087 agitur
786 2055 1091 2073 ........
1161 2021 1264 2072 24-25

133 2098 295 2154 Genetivus
315 2101 540 2171 quantitatis
557 2105 605 2171 (et
622 2103 811 2172 materiae)
826 2141 1090 2161 .......
1160 2107 1264 2159 26-62

235 2184 397 2241 Genetivns
416 2188 664 2254 ex2substantivis
682 2187 790 2259 pendet
826 2229 1091 2243 .......
1161 2191 1266 2244 26-33

237 2271 400 2326 Genetivus
418 2290 454 2327 ex
471 2273 624 2328 adieetivis
641 2274 749 2344 pendet
783 2314 1090 2330 ........
1160 2277 1266 2330 33-40

236 2357 398 2412 Genetivus
417 2376 454 2413 ex
471 2360 691 2430 pronominibus
709 2360 818 2432 pendet
830 2400 1090 2417 .......
1160 2364 1265 2416 40-56

234 2444 397 2499 Genetivus
414 2462 450 2499 ex
468 2445 613 2500 adverbiis
630 2446 739 2517 pendet
782 2485 1088 2502 ........
1161 2450 1263 2502 56-62

129 2526 293 2583 Genetivus
311 2530 513 2600 partitivus
538 2570 1055 2586 .............
1160 2536 1265 2588 63-74

233 2614 396 2669 Genetivus
415 2633 451 2670 ex
469 2617 566 2671 verbis
583 2617 691 2688 pendet
742 2657 1089 2674 .........
1229 2623 1265 2674 63

231 2699 394 2756 Genetivus
413 2718 449 2755 ex
465 2702 688 2773 pronominibus
705 2705 813 2774 pendet
826 2743 1088 2762 .......
1158 2707 1263 2760 64-66

232 2786 396 2841 Genetivus
415 2805 452 2842 ax
469 2788 720 2859 pronominalibus
737 2787 846 2859 pendet
868 2828 1087 2845 ......
1157 2793 1265 2845 66-68

237 2870 400 2927 Genetivns
418 2891 455 2928 ex
472 2874 672 2928 numeralibus
689 2875 798 2945 pendet
828 2915 1089 2931 .......
1158 2878 1262 2932 68-71

231 2956 395 3012 Genetivus
417 2977 453 3014 ex
472 2959 660 3031 superlativis
677 2961 786 3030 pendet
825 2999 1086 3016 .......
1159 2965 1263 3017 71-74

129 3043 293 3099 Genetivns
312 3046 519 3116 qualitatis
570 3084 1090 3105 .............
1160 3050 1264 3104 75-79

231 3131 288 3189 (De
306 3131 433 3186 ablativo
453 3131 615 3202 qualitatis)
653 3171 1088 3190 ...........
1158 3137 1263 3189 Ί9-84

126 3217 291 3272 Genetivus
309 3217 429 3290 pretii
440 3256 1088 3275 ................
1157 3221 1262 3273 85-96

230 3302 395 3357 Genetivus
413 3321 450 3358 ex
467 3302 565 3357 verbis
583 3302 757 3357 aestimandi
774 3302 883 3375 pendet
909 3342 1087 3359 .....
1156 3306 1261 3357 85-92

229 3388 392 3444 Genetivus
411 3406 447 3443 ex
464 3387 562 3443 verbis
580 3387 696 3443 amendi
714 3392 743 3441 et
760 3387 907 3442 vendendi
923 3389 1033 3458 pendet
1079 3430 1085 3442 .
1155 3390 1259 3443 92-96

124 3473 290 3528 Genetivus
307 3479 501 3545 respectus
525 3511 1087 3529 ..............
1139 3474 1260 3528 97-104

227 3559 402 3628 (Genetivus
420 3559 597 3631 patheticus)
610 3596 1086 3612 ............
1122 3559 1257 3613 100--101

228 3645 405 3714 (Genetivus
424 3645 567 3714 criminis)
610 3681 1086 3698 ............
1122 3645 1258 3698 lon-104

122 3731 288 3787 Genetivus
307 3731 521 3786 obieetivus
566 3766 1086 3786 .............
1121 3730 1258 3782 105-119

227 3818 390 3873 Genetivns
407 3811 602 3873 memoriae
621 3822 650 3871 et
668 3815 824 3871 oblivionis
865 3853 1083 3869 ......
1121 3816 1255 3868 105-107

227 3904 391 3959 Genetivus
409 3922 446 3958 ex
463 3903 617 3958 adieetivis
634 3902 742 3974 pendet
779 3939 1086 3955 ........
1122 3901 1256 3953 lot-111

227 3991 390 4047 Genetivus
408 4007 445 4045 ex
461 3989 625 4061 participiis
642 3988 806 4059 praesentis
823 3987 955 4059 pendet.
992 4026 998 4040 .
1035 4028 1042 4042 .
1077 4026 1085 4042 .
1205 3988 1256 4041 lll

227 4077 390 4134 Genetivus
408 4095 445 4133 ex
463 4075 657 4132 substantivis
674 4075 783 4145 pendet
817 4114 823 4128 .
860 4113 866 4128 .
903 4113 909 4128 .
942 4114 949 4128 .
989 4113 996 4128 .
1032 4111 1038 4126 .
1074 4111 1081 4125 .
1118 4073 1257 4127 111-119

120 4164 286 4220 Genetivus
303 4164 548 4237 possessivus
561 4198 1081 4219 .............
1117 4159 1255 4213 lle-148
