2842 4890
1171 278 1230 342 107

140 481 325 561 ediderunt;
358 479 488 546 Schodl
521 499 596 546 vero
630 481 815 562 genetivum
847 480 1006 563 praetulit,
1038 482 1094 564 qui
1115 483 1275 548 codiceF

140 584 392 649 commendatur
421 582 569 646 memorie
602 582 788 666 praebente.
833 584 896 649 Pro
920 591 1010 649 certo
1033 604 1085 650 res
1107 585 1276 651 diiudicari

140 688 197 753 vix
218 693 335 770 potest.

246 789 294 855 De
321 790 437 855 ceteris
463 789 557 853 huius
579 788 669 854 verbi
692 789 987 856 constructionibus
1009 810 1038 854 v.
1060 791 1148 857 Lech
1171 813 1200 874 p.
1223 793 1274 873 28,
1305 758 1309 767 ⁵

143 892 282 959 Schaaff
300 913 330 975 p.
352 893 394 956 42
416 899 483 956 not.
510 897 535 956 1.

247 1013 422 1078 immemor.
456 1011 554 1078 Sticln
576 1013 619 1079 48
641 1011 716 1077 reolo
738 1032 801 1096 epo,
824 1033 924 1091 soror,
940 1014 1275 1080 macredicsscirtmc-

141 1137 263 1182 morem
286 1116 356 1182 uiri
368 1117 402 1199 ¹).

246 1511 422 1593 Adiectiva.
444 1531 528 1595 quae
543 1512 728 1593 genetivum
743 1521 859 1594 regunt
875 1512 1081 1592 obiectivum,
1098 1519 1154 1576 aut
1168 1519 1274 1576 trans-

141 1617 224 1681 itiva
257 1624 314 1680 aut
339 1616 542 1679 intransitiva
569 1622 644 1678 sunt
673 1623 800 1695 natura,
828 1624 864 1679 ut
886 1614 924 1680 iis
946 1615 1128 1697 adscriptus
1150 1615 1274 1697 geneti-

140 1739 205 1785 vus
239 1725 296 1783 aut
328 1717 505 1782 accusativi
540 1725 598 1782 aut
630 1718 729 1782 dativi
751 1718 909 1803 (ablativi)
934 1719 1023 1783 vices
1045 1720 1204 1783 sustinere
1226 1720 1274 1781 vi-

139 1822 266 1889 deatur.
298 1822 378 1885 Item
400 1820 569 1903 participia
592 1821 746 1885 nonnulla
769 1841 844 1885 cum
865 1823 1015 1903 genetivo
1039 1821 1198 1887 obiectivo
1215 1841 1273 1903 po·

138 1931 273 2006 nuntur,
289 1943 488 2008 quamquam
505 1924 605 1990 uerba
619 1924 719 2006 finita,
736 1944 874 2008 qnorum
890 1932 967 1990 sunt
980 1926 1159 2007 participia,
1176 1926 1274 1990 alium

139 2048 257 2095 casum
280 2027 341 2092 sibi
362 2029 546 2092 adsumunt.

247 2145 369 2212 doetus.
412 2147 510 2213 Pecu.
534 2148 596 2214 586
619 2147 711 2212 hodie
735 2148 819 2212 iaris
842 2147 996 2211 doctiores
1018 2167 1088 2211 mort
1110 2152 1199 2220 saort,
1217 2147 1275 2228 qai

142 2251 218 2316 litas
239 2251 399 2331 oreort2).

245 2374 406 2432 Ablativus
420 2393 498 2431 cum
520 2372 554 2431 de
576 2374 794 2449 praepositione
817 2374 993 2431 coniunctus
1016 2393 1053 2430 cx
1076 2372 1189 2431 doctam
1209 2371 1276 2443 fieri

141 2461 252 2538 pendet
285 2459 366 2518 Pers.
389 2459 452 2518 540
474 2463 518 2518 eet
540 2463 566 2517 te
588 2459 623 2517 dc
644 2459 721 2530 aliis,
745 2477 832 2534 qaam
853 2460 928 2518 alios
951 2460 985 2517 dc
1007 2463 1033 2517 te
1055 2459 1190 2518 suoaiast
1209 2458 1276 2530 ficri

139 2547 249 2607 doctos,

246 2663 431 2729 *conscius
467 2664 549 2728 Rud.
567 2664 647 2727 1241
671 2683 713 2727 rte
736 2663 855 2727 conscii
877 2663 948 2727 siret
959 2662 1022 2745 ipsi
1033 2660 1184 2743 molliciis
1195 2662 1273 2739 sais,

144 2786 245 2851 quam
269 2767 417 2832 codicum
440 2767 613 2832 lectionem
635 2767 766 2832 retinuit
790 2766 918 2833 Schoell
940 2764 1089 2846 arotfioir's
1103 2765 1173 2830 sois
1186 2766 1274 2830 abla-

141 2873 246 2935 tivum
267 2870 472 2934 instrumenti
495 2888 567 2934 esse
589 2870 761 2951 explicans.
795 2868 860 2934 Sed
882 2871 973 2934 multi
995 2870 1054 2933 viri
1076 2870 1162 2934 docti
1179 2887 1273 2951 gene·

141 2976 246 3038 tivum
279 2975 500 3055 praetulerunt
531 2973 610 3058 (qua
642 2973 682 3038 de
708 2992 744 3038 ve
767 2973 821 3037 cfr.
844 2973 995 3039 Schoeilii
1019 2973 1090 3037 adn.
1114 2974 1191 3053 crit,
1215 2973 1275 3038 Us-

144 3077 240 3159 singii
264 3084 447 3156 comment,
471 3077 603 3159 Langen
625 3075 721 3141 Beitr.
744 3097 773 3160 p.
797 3079 853 3142 121
881 3076 941 3160 sq.)

246 3214 368 3282 gnarus
381 3198 417 3278 ³).
464 3195 552 3261 Asin.
582 3197 643 3262 551
668 3196 914 3277 indoctoresque
936 3215 1119 3260 acerrumos
1138 3214 1275 3279 proros-

143 3321 204 3384 quc
237 3299 344 3363 nostri
377 3299 472 3383 terpi;
506 3300 729 3381 praedicatum
751 3301 868 3365 lacuna
891 3298 1066 3364 absorbuit.
1110 3297 1190 3362 Rud.
1213 3300 1277 3363 210

144 3425 203 3471 rtec
227 3402 286 3468 loci
304 3422 414 3488 paura
436 3423 508 3468 sum
529 3422 588 3467 rtec
609 3402 684 3468 ditos
706 3402 757 3467 hic
778 3402 841 3485 frti.

248 3612 268 3678 ¹)
294 3609 373 3662 Hunc
400 3625 507 3662 versum
535 3614 563 3661 et
583 3611 628 3674 qui
647 3613 797 3676 sequuntur
815 3623 900 3675 usqne
918 3607 953 3660 ad
971 3624 995 3659 v.
1014 3609 1046 3657 57
1065 3606 1205 3659 Plautinos
1224 3620 1277 3658 non

146 3711 206 3752 esse
224 3694 365 3748 contendit
383 3694 475 3748 Goetz.

248 3782 269 3848 ²)
287 3780 367 3846 iuria,
387 3780 458 3847 quod
477 3786 519 3833 est
537 3781 565 3833 in
583 3783 647 3833 Aet
658 3780 689 3849 B,
709 3781 792 3832 ceteri
811 3778 917 3831 codices
936 3779 1074 3831 omittunt.

248 3869 272 3935 ³)
287 3866 419 3936 gnaruris
436 3883 497 3919 cum
516 3881 570 3920 cese
588 3866 760 3918 coniunctum
778 3866 822 3933 (=
840 3865 958 3930 novisse)
977 3864 1111 3916 obiectum
1130 3863 1157 3914 in
1170 3875 1278 3913 accusa-

146 3955 203 4007 tivo
230 3952 350 4006 adsumit
376 3953 457 4005 Most.
477 3953 527 4004 100
544 3950 628 4004 simul
642 3966 775 4021 gnarures
791 3965 841 4003 uos
858 3949 918 4002 uolo
936 3965 988 4002 esse
1005 3948 1074 4001 hono
1090 3963 1147 4000 rem
1164 3961 1279 4008 meacm·

148 4053 225 4106 quem
252 4039 435 4092 accusativum
453 4038 514 4105 plus
533 4037 689 4090 offensionis
707 4037 817 4104 habere,
836 4051 916 4102 quam
934 4033 999 4101 quid
1018 4032 1067 4086 aot
1084 4032 1153 4086 heac
1172 4030 1281 4084 tactiost

149 4126 257 4191 similia,
275 4139 343 4193 quae
362 4123 434 4192 apud
452 4123 577 4177 Plautum
596 4125 664 4176 satis
683 4124 786 4175 usitata
800 4127 870 4190 sunt,
881 4138 934 4174 non
944 4134 1048 4173 censeo.
1076 4120 1163 4173 Aliter
1172 4117 1279 4172 Ritschl

151 4217 177 4265 et
194 4213 307 4266 Levana.
