2902 4890
374 1091 684 1194 Genetivus
731 1101 1040 1222 respectus

245 1354 438 1423 Genetivum
472 1360 642 1424 relativum
675 1361 761 1443 apud
794 1359 919 1442 priscos
953 1358 1128 1440 scriptores
1153 1357 1272 1421 latinos

140 1465 230 1525 recte
264 1477 338 1525 mea
372 1461 503 1544 quidem
537 1464 698 1528 sententia
726 1464 839 1528 statuit
868 1462 964 1526 Loch.
1008 1462 1156 1543 Namque
1186 1460 1273 1541 apud

141 1563 293 1628 Plautum
325 1583 392 1627 non
425 1583 530 1646 pauca
563 1567 770 1631 inveniuntur
799 1565 955 1647 exempla,
978 1565 1010 1626 in
1034 1562 1150 1646 quibus
1173 1581 1272 1645 gene

141 1668 226 1731 tivus
261 1683 300 1730 ex
322 1665 430 1731 verbis
454 1668 686 1750 adiectivisquc
709 1668 854 1751 pendens
877 1668 923 1731 ita
944 1674 1126 1749 usurpatur,
1149 1672 1185 1729 ut
1207 1684 1272 1747 qua

140 1770 173 1834 in
196 1788 232 1834 re
259 1770 299 1836 de
321 1789 356 1836 re
379 1772 520 1853 quadarn
543 1772 594 1837 vel
616 1790 757 1854 persona
779 1771 856 1854 quid
879 1771 1014 1851 dicatur,
1038 1769 1207 1850 significem
1220 1770 1272 1835 cui

143 1872 216 1938 usui
237 1874 379 1955 genetivi
400 1875 575 1958 respondet
591 1875 750 1942 ablativus
766 1876 821 1957 qui
837 1882 972 1938 vocatur
987 1881 1162 1957 respectus.
1194 1873 1273 1937 Fre·

143 1977 377 2059 quentissimus
401 1986 510 2044 autem
532 1979 650 2044 horum
672 1980 897 2061 genetivorum
917 1986 966 2042 est
981 1979 1149 2060 genetivus
1163 1977 1273 2054 animi,

144 2098 242 2162 quem
265 2080 356 2144 multi
379 2100 437 2162 pro
461 2082 600 2147 locutive
624 2089 680 2145 aut
703 2082 844 2146 ablativo
868 2081 990 2146 habent
1002 2080 1035 2165 ¹).
1072 2081 1178 2163 Atque
1200 2079 1274 2144 Del-

142 2181 264 2247 brueck
278 2181 303 2265 2)
338 2202 412 2249 eam
445 2186 649 2267 potissimum
682 2185 724 2249 ob
760 2204 829 2248 rem
862 2185 1038 2249 locativum
1067 2182 1274 2246 statuendum

141 2303 212 2351 esse
244 2287 379 2367 censuit,
403 2287 490 2370 quod
520 2289 636 2353 eodem
669 2307 767 2352 sensu
794 2307 853 2370 pro
876 2288 1026 2369 genetivo
1048 2287 1180 2369 pluralis
1203 2287 1273 2349 ani·

143 2408 273 2465 morunt,
310 2391 365 2471 qui
399 2410 560 2473 nusquam
594 2393 764 2472 invenitur,
800 2409 928 2473 semper
966 2389 1124 2453 ablativus
1157 2389 1275 2452 oreimis

141 2493 271 2574 ponitur
297 2492 366 2577 (cfr.
391 2493 571 2559 Corinthi
593 2503 626 2559 et
647 2495 877 2579 Syracusis).
922 2493 1016 2574 Quod
1038 2493 1067 2556 si
1086 2513 1199 2558 verum
1222 2511 1273 2557 es-

144 2600 192 2660 set
224 2595 399 2661 locativum
434 2598 475 2661 ab
509 2599 600 2662 initio
628 2598 727 2662 fuisse
759 2599 869 2676 antini,
894 2598 949 2680 qui
970 2597 1065 2660 huius
1088 2595 1176 2660 modi
1198 2603 1273 2659 sunt

142 2699 207 2764 veri
242 2700 391 2780 genetivi,
424 2702 545 2776 inentis,
579 2703 739 2778 sermome,
774 2701 828 2763 alii
862 2719 900 2765 ex
934 2700 1085 2780 analogia
1111 2700 1273 2764 exstitisse

142 2800 276 2880 putandi
309 2810 411 2882 erant,
446 2798 619 2885 postquam
654 2804 828 2868 obscurata
861 2804 1001 2868 locativa
1034 2809 1151 2866 natura
1173 2802 1274 2863 antimi

140 2923 198 2984 pro
236 2924 315 2970 vero
348 2908 498 2988 genetivo
531 2907 644 2972 haberi
677 2915 828 2989 coeptum
859 2914 953 2972 esset.
997 2906 1063 2972 Sed
1085 2906 1179 2970 nullis
1202 2923 1272 2971 cer-

138 3011 178 3073 tis
215 3009 413 3074 testimoniis
445 3011 509 3075 hoc
531 3012 637 3076 evinci
658 3017 778 3093 potest;
801 3030 881 3074 nam
905 3010 991 3093 quod
1014 3029 1073 3091 pro
1096 3009 1274 3072 animorum

135 3113 273 3192 ponitur
295 3113 420 3190 artioris,
444 3113 477 3175 id
499 3115 622 3178 nullam
645 3114 804 3195 probandi
827 3115 892 3178 vim
915 3113 1023 3192 habet,
1047 3132 1121 3176 cum
1143 3113 1171 3176 is
1186 3112 1273 3176 haud

133 3217 210 3281 scio
235 3232 278 3278 an
303 3216 411 3296 potius
435 3216 595 3281 ablativus
618 3224 785 3299 respectus
809 3217 850 3280 sit
869 3217 1049 3295 habendus,
1063 3216 1118 3298 qui
1130 3235 1169 3281 ex
1181 3234 1277 3299 sepa-

130 3319 247 3383 rativa
283 3321 417 3384 notione
450 3321 491 3383 sit
525 3319 697 3402 protectus,
728 3339 795 3384 non
819 3339 859 3385 ex
881 3320 1188 3384 locatim-ablativo.
1231 3320 1277 3384 Ex

130 3422 329 3504 separativa
352 3423 438 3487 enim
462 3423 696 3505 significatione
719 3423 804 3487 hunc
828 3442 923 3487 usum
946 3421 1039 3486 facile
1062 3441 1159 3504 posse
1174 3423 1277 3503 repeti

129 3525 262 3590 docent
297 3526 443 3607 exempla
478 3526 516 3588 ob
549 3528 654 3589 orvirno
688 3547 790 3609 ceper,
813 3527 940 3590 similia.
983 3525 1095 3608 Neque
1117 3525 1275 3590 verisimi-

129 3623 201 3692 lius
236 3627 269 3691 id
305 3635 365 3708 est,
398 3628 486 3711 quod
513 3630 680 3695 contendit
702 3629 853 3712 Draeger,
878 3629 964 3694 hunc
987 3648 1080 3693 usum
1104 3648 1143 3693 ex
1166 3628 1275 3694 adiec-

132 3731 216 3796 tivis
239 3730 391 3796 affectum
415 3733 669 3816 exprimentibus
693 3733 734 3796 ad
758 3733 857 3798 verba
879 3733 1013 3798 notione
1036 3733 1153 3797 similia
1167 3739 1275 3796 trans-

135 3833 245 3898 latum
267 3852 339 3899 esse
363 3833 560 3919 (utcontra,
583 3837 670 3918 cripi,
694 3841 766 3918 cet.)
808 3837 832 3899 Ε
855 3837 1019 3901 contrario
1043 3836 1071 3899 si
1092 3837 1153 3900 hos
1175 3854 1274 3916 gene-

244 4025 265 4092 l)
282 4024 405 4091 Draeger
422 4023 441 4076 l.
459 4041 482 4077 c.
500 4025 515 4094 ἓ
535 4026 592 4093 206,
611 4029 635 4077 5.

243 4110 265 4178 ²)
291 4109 523 4164 Abl.·Loc.-Instr.
543 4111 579 4163 im
592 4110 790 4175 Altindisohen,
804 4110 1005 4179 Lateinischen‚
1017 4109 1210 4163 Grieohischen
1220 4108 1273 4161 und

140 4194 298 4248 Deutsehen
315 4196 418 4262 (Berlin
437 4197 515 4264 1867)
534 4213 559 4264 p.
579 4198 619 4248 31.

1153 4317 1167 4366 7
