2842 4890
218 278 250 342 iv

175 466 336 558 explicare
359 505 397 513 -—
422 447 536 549 paucis
556 475 667 533 tamen
690 468 767 551 quid
790 468 927 533 sentiam
950 470 1143 552 explanabo,
1166 489 1302 554 sperans

175 585 245 651 fore
262 593 298 651 ut
317 587 393 651 data
409 593 572 668 potestate
584 587 626 651 ad
638 586 768 653 omnem
780 587 920 670 genetivi
932 609 1027 654 usum
1042 591 1149 656 denuo
1161 591 1302 657 redeam.

278 705 421 771 Primum
444 707 476 770 id
499 707 578 771 mibi
600 726 792 789 persuasum
815 715 864 774 est
887 709 919 773 in
935 711 1085 792 genetivo
1108 717 1140 775 et
1155 712 1255 776 latino
1271 718 1303 776 et

175 827 311 891 aliarum
332 846 416 910 quae
432 834 592 909 cognatae
608 835 683 892 sunt
696 828 877 910 linguarum
892 831 1040 911 primitus
1057 831 1190 895 infuisse
1206 849 1302 914 sepa·
1357 831 1358 834 ’

174 949 313 1012 rativam
336 949 513 1027 notionem,
538 967 649 1013 verum
663 967 767 1031 ¹quam
789 949 854 1015 late
875 950 1024 1031 patuerit,
1041 969 1100 1033 pro
1117 957 1206 1015 certo
1223 971 1302 1016 con-

175 1067 307 1133 stituere
330 1087 467 1152 nequeo.
501 1069 614 1151 Neque
635 1069 796 1154 quasdam
818 1071 959 1152 genetivi
972 1071 1063 1134 latini
1078 1069 1201 1135 formas
1217 1091 1301 1153 nego

174 1189 335 1254 adiectivo
358 1190 409 1253 vel
432 1188 631 1255 adnominali
651 1190 725 1254 usui
740 1207 780 1255 ex
794 1190 886 1256 initio
902 1191 1084 1271 inservisse,
1102 1210 1301 1274 quamquam

173 1329 214 1404 ne
230 1310 263 1373 id
279 1311 408 1392 quidem
431 1330 489 1392 pro
513 1317 602 1375 certo
623 1310 869 1375 adfirmaverim.
904 1309 1026 1375 Verum
1047 1329 1086 1375 ex
1102 1311 1301 1376 adnominali

174 1431 227 1494 illa
249 1430 387 1513 genetivi
409 1431 543 1495 notione
563 1450 630 1495 non
653 1437 760 1512 potest
779 1431 930 1514 explicari
947 1430 1140 1495 adverbialis
1155 1451 1245 1511 usus3
1262 1450 1301 1497 en

174 1551 358 1633 separativa
387 1551 520 1616 notione
543 1552 711 1632 genetivos
734 1571 800 1615 non
824 1551 926 1616 solum
951 1551 1164 1632 adverbiales,
1187 1570 1301 1616 verum

173 1671 292 1735 multos
315 1672 413 1736 etiam
425 1671 648 1736 adnominales
660 1678 750 1736 ortos
763 1690 834 1737 esse
847 1671 948 1736 multo
959 1669 1085 1736 facilius
1101 1672 1301 1754 intellegitur.

174 1790 272 1856 Cuius
300 1792 480 1855 sententiae
508 1792 627 1856 nullam
656 1790 847 1857 refutandae
869 1792 934 1855 vim
956 1792 1055 1857 habet
1076 1793 1163 1874 quod
1186 1796 1311 1857 eontra

173 1912 391 1993 separativam
425 1912 564 1994 genetivi
598 1913 765 1976 notionem
798 1912 915 1976 adferri
948 1913 1031 1977 solet
1064 1919 1299 1994 argumentum,

173 2032 271 2096 alium
293 2032 428 2097 inveniri
459 2051 571 2096 casum
600 2031 785 2113 ablativum,
817 2052 882 2115 quo
904 2033 957 2096 illa
980 2032 1170 2114 significatio
1195 2033 1300 2115 expri-

173 2159 290 2234 matur,
314 2171 420 2236 neque
442 2153 587 2236 potuisse
610 2154 704 2218 simul
727 2153 864 2219 alterum
887 2172 999 2218 casum
1023 2153 1065 2218 ad
1088 2154 1211 2218 eanden
1230 2172 1300 2218 rem

173 2273 327 2338 adhiberi.
372 2273 466 2355 Quod
496 2294 593 2357 quam
616 2294 731 2357 pamm
755 2294 829 2338 cum
852 2262 1012 2340 sermonis
1034 2274 1166 2338 humani
1183 2279 1300 2338 natura

96 2376 98 2381 ¹
174 2395 367 2474 consentiat,
392 2402 424 2459 et
447 2414 485 2459 ex
507 2395 578 2459 aliis
595 2395 745 2459 omnibus
760 2395 826 2460 fere
841 2395 958 2477 linguis
974 2401 1006 2459 et
1021 2413 1061 2460 ex
1075 2395 1175 2459 latina
1190 2395 1299 2475 lingua

173 2513 373 2596 perspicitur,
398 2514 452 2577 ubi
475 2515 664 2597 plerumque
686 2515 869 2597 antiquiore
888 2516 1077 2597 praesertim
1096 2521 1203 2580 aetate
1219 2516 1299 2580 mul·

172 2635 213 2697 tis
236 2640 268 2697 et
289 2635 388 2697 variis
411 2653 529 2698 vocum
544 2634 656 2698 formis
672 2634 853 2701 simillimae
868 2654 919 2700 res
935 2636 1164 2717 exprimuntur.
1187 2636 1299 2718 Neque

171 2755 205 2817 in
232 2755 417 2836 separativa
444 2755 508 2819 loci
537 2756 670 2820 notione
699 2754 911 2836 significanda
932 2756 1019 2819 illam
1041 2755 1219 2820 formarum
1242 2776 1299 2821 co·

173 2873 260 2955 piam
292 2874 511 2940 abundantem
539 2875 645 2939 latinis
668 2875 821 2958 gentibus
841 2874 980 2941 defuisse
1004 2883 1035 2941 et
1050 2894 1107 2959 per
1130 2895 1165 2941 se
1186 2877 1299 2940 verisi-

129 3079 132 3085 .
172 2994 248 3058 mile
273 3000 331 3075 est,
356 3002 387 3059 et
408 3001 568 3060 testantur
591 2995 754 3076 adverbia,
775 3014 860 3079 quac
877 2997 909 3060 in
927 3003 995 3060 -tus
1009 3002 1136 3077 exeunt,
1155 2997 1242 3060 haud
1254 2998 1299 3060 ita

173 3133 286 3197 pauca.
331 3114 366 3178 ln
391 3115 519 3180 formica
541 3116 651 3198 lingua
675 3154 713 3163 —
738 3119 771 3180 in
793 3116 850 3181 tali
873 3118 956 3181 enim
972 3135 1008 3182 re
1022 3135 1064 3181 ne
1080 3137 1152 3182 eam
1169 3117 1298 3200 quidem

173 3233 294 3316 dubito,
320 3236 467 3318 quamvis
490 3255 565 3300 cum
587 3236 689 3301 latina
710 3254 777 3301 non
807 3245 991 3318 cognatam,
1016 3237 1057 3301 ad
1080 3238 1299 3318 comparatio-

173 3375 247 3421 nem
271 3355 442 3420 admittere
466 3394 504 3403 —
529 3357 626 3421 etiam
650 3374 737 3421 nunc
760 3356 809 3420 vel
831 3356 934 3420 tribus
956 3358 989 3420 in
1014 3356 1143 3421 casibus
1165 3374 1298 3437 separa-

171 3477 240 3540 tiva
262 3475 353 3541 notio
376 3476 548 3559 perspicua
570 3483 634 3541 est:
658 3477 690 3540 in
713 3476 918 3559 „partiliv0“,
943 3478 997 3558 qui
1013 3478 1047 3540 in
1062 3476 1298 3560 antiquioribus

172 3595 340 3662 vocabulis
369 3615 446 3663 vere
476 3596 588 3662 localis
611 3603 671 3678 est,
693 3595 887 3678 „ablativo“,
912 3598 1082 3679 „elativo“,
1106 3599 1161 3681 qui
1184 3618 1298 3663 omnes

171 3723 240 3782 tum
261 3717 411 3799 genetivo
436 3725 505 3782 tum
528 3717 670 3783 ablativo
693 3717 801 3782 latinis
823 3719 1029 3800 respondent.

275 3839 332 3902 His
355 3839 452 3921 igitur
474 3838 654 3904 rationibus
677 3846 709 3904 et
732 3839 802 3903 aliis
824 3841 1031 3921 argumentis,
1056 3858 1140 3923 quae
1156 3837 1299 3922 prolerre

171 3959 268 4023 huius
298 3959 362 4024 loci
391 3979 459 4025 non
489 3966 548 4040 est,
579 3979 651 4025 sum
682 3960 841 4025 adductus
872 3966 906 4024 ut
933 3967 965 4025 et
995 3961 1087 4025 aliter
1110 3979 1208 4042 quam
1231 3957 1299 4021 fieri

172 4079 254 4144 solet
277 4080 501 4160 genetivorum
523 4097 643 4162 genera
658 4081 838 4162 digererem
854 4086 887 4146 et
901 4081 1069 4145 ablativi
1085 4099 1163 4144 usus
1177 4078 1298 4142 Plauti-

173 4218 234 4264 nos
257 4200 420 4281 adderem,
443 4200 498 4266 ubi
521 4220 595 4266 cum
617 4201 775 4281 genetiuis
802 4206 1011 4282 comparatos
1033 4201 1094 4264 toti
1116 4200 1299 4282 quaestioni
