2902 4890
433 1093 745 1196 Genetivus
791 1094 979 1221 pretii.

250 1340 425 1410 Genetivus
448 1346 541 1428 pretii
564 1346 619 1428 qui
641 1345 757 1410 dicitur
779 1351 854 1428 apte
875 1345 909 1409 in
931 1345 1013 1410 duas
1035 1351 1144 1428 partes
1167 1342 1275 1407 distri-

141 1443 255 1509 buitur
279 1447 406 1512 ratione
429 1446 541 1512 habita
562 1446 735 1512 verborum
758 1449 945 1529 regentium.
989 1448 1024 1511 ln
1045 1448 1098 1512 illa
1120 1448 1150 1513 ei
1172 1464 1271 1528 genc-

140 1547 200 1610 tivi
224 1555 444 1630 numerantur,
468 1549 523 1632 qui
546 1568 585 1616 ex
600 1550 707 1616 verbis
723 1550 960 1616 aestimandi
976 1556 1008 1616 et
1023 1549 1179 1615 similibus
1195 1568 1276 1632 pen·

141 1651 231 1732 dent,
263 1651 296 1714 in
326 1651 388 1717 hac
418 1653 457 1732 ei,
482 1652 537 1736 qui
560 1652 601 1717 ad
624 1652 724 1718 verba
746 1654 897 1718 emendi
920 1661 952 1719 et
973 1653 1168 1719 vendendi
1190 1651 1241 1716 ref
1258 1688 1274 1699 ·

138 1758 266 1819 runtur.
299 1753 356 1818 His
379 1753 487 1820 verbis
509 1755 607 1820 etiam
623 1755 782 1821 ablativus
798 1757 891 1838 pretii
906 1757 1088 1840 apponitur,
1104 1757 1150 1820 ita
1166 1763 1277 1820 tamen

139 1862 177 1922 ut
211 1858 387 1923 discrimen
419 1859 584 1943 quoddam
613 1859 697 1924 inter
725 1859 787 1923 hos
824 1878 920 1924 casus
953 1859 1286 1924 animadvertendum*

138 1961 192 2028 sit.
231 1957 379 2027 Genetivi
401 1962 489 2026 enim
510 1961 700 2044 significatio
723 1963 882 2045 generalis
905 1968 963 2043 est,
988 1968 1078 2027 certa
1094 1968 1126 2026 et
1143 1960 1274 2027 definita

133 2063 236 2146 pretii
258 2063 450 2146 significatio
473 2064 614 2130 ablativo
638 2066 773 2147 exprimi
796 2066 887 2132 solet.

247 2165 328 2231 Cum
358 2168 508 2247 genetivo
538 2167 702 2250 qualitatis
732 2169 784 2233 hic
806 2168 983 2251 genetivus,
1007 2174 1043 2232 ut
1065 2186 1164 2249 supra
1186 2167 1266 2231 vidi-

130 2289 225 2351 mus,
249 2274 324 2352 apte
347 2269 510 2351 cohaeret,
533 2276 602 2334 tum
624 2272 815 2353 praesertim
831 2291 905 2336 cum
921 2289 960 2336 ex
975 2269 1074 2336 verbo
1090 2278 1176 2335 esse
1191 2289 1271 2352 pen-

127 2373 204 2438 det.
249 2371 320 2453 Quo
343 2372 443 2438 verbo
467 2373 589 2439 omisso
612 2374 639 2437 si
661 2375 828 2457 genetivus
850 2373 943 2456 pretii
966 2372 1169 2438 substantivo
1192 2372 1270 2437 sub-

120 2475 291 2558 iungitur,
309 2480 345 2539 ut
365 2475 393 2540 si
415 2475 505 2540 dicas
529 2476 714 2556 „hominem
736 2476 823 2542 haud
845 2476 954 2559 magni
976 2477 1100 2559 pretii“‚
1124 2483 1192 2540 tam
1224 2476 1266 2540 si-

121 2578 225 2642 milis
255 2583 304 2643 est
333 2579 483 2660 genetivo
510 2579 683 2662 qualitatis
711 2584 747 2644 ut
774 2580 918 2662 plerique
939 2579 1034 2643 huius
1057 2578 1271 2644 similitudinis

121 2680 251 2764 specie
273 2679 404 2745 adducti
426 2681 548 2745 nullum
571 2680 744 2747 discrimen
767 2700 839 2748 esse
860 2682 1053 2765 putaverint.

244 2781 357 2867 quanti
380 2801 419 2848 ex
440 2783 491 2847 his
513 2782 621 2849 verbis
643 2784 776 2867 pendet:

244 2906 317 2950 esse.
360 2887 479 2951 Bacch.
509 2886 569 2952 821
601 2890 712 2950 tantist
739 2889 881 2971 quantist
901 2887 1032 2969 funpus
1053 2886 1203 2969 putidum
1224 2886 1268 2950 ib.

131 2989 226 3054 1135
265 2990 417 3071 euoluere,
450 2992 562 3073 quanti
588 2991 688 3072 fuera
698 2991 737 3075 1);
771 2989 861 3073 Capt.
895 2991 981 3073 prol:
1006 2991 1043 3055 51
1080 2989 1263 3052 homunculi

106 3093 254 3176 guanti
285 3099 369 3171 aunt,
402 3096 494 3176 quom
525 3096 677 3176 reecpito;
712 3093 753 3159 ib.
785 3095 846 3160 145
875 3101 1021 3177 expertus
1042 3095 1153 3176 quanti
1183 3093 1254 3170 fue-

109 3198 183 3258 :ru
211 3216 298 3258 nnnc
330 3196 471 3260 desidero
478 3219 488 3273 ,·
515 3196 610 3262 Marc.
640 3199 704 3263 270
733 3205 850 3261 uosmet
871 3198 973 3260 uidete
995 3204 1138 3273 ceterum,
1161 3198 1273 3279 quanti

93 3293 268 3383 <tiem²);
293 3298 374 3365 Rud.
403 3301 464 3365 155
491 3299 672 3364 homunculi
699 3303 812 3385 qnnnti
836 3302 918 3363 estis.
963 3300 1189 3382 Impersonalis
1219 3305 1269 3364 est

98 3415 218 3467 *ursus
241 3400 327 3466 Pers.
349 3402 412 3468 596
435 3402 612 3488 quantun)
636 3402 790 3466 hominem
812 3405 947 3466 ornicum
969 3402 1125 3468 adhibere.

238 3506 361 3588 fucere.
404 3506 520 3590 Amph.
543 3508 605 3573 508
628 3509 739 3591 quanti
756 3496 871 3590 focius
893 3527 1029 3571 tenorent.
1042 3506 1068 3591 4)

243 3695 263 3762 ¹)
280 3694 322 3746 De
343 3692 464 3746 euoluere
482 3693 538 3761 (vel
560 3692 704 3751 accoluere)
728 3699 756 3747 et
774 3694 808 3748 de
826 3695 962 3748 sententia
979 3693 1058 3746 huius
1077 3693 1129 3746 loci
1147 3690 1196 3743 cfr.
1215 3691 1266 3746 Us-

97 3788 221 3848 ngn
240 3777 331 3936 {lizici
346 3864 414 3918 eiam
430 3867 545 3932 praebet
563 3865 622 3920 cod.
640 3867 672 3919 B.

241 3950 263 4020 ⁸)
280 3951 412 4018 priuatum
428 3953 469 4003 eat
484 3966 517 4004 ex
536 3952 671 4019 plerisque
688 3951 766 4005 libris
785 3953 891 4020 Ussing.

237 4037 263 4105 ⁴)
279 4035 376 4089 Pseud.
408 4035 477 4090 939n
504 4035 549 4089 aed
576 4051 621 4105 epo
648 4035 698 4090 titt
723 4053 789 4104 quoe
814 4037 882 4091 dotto
907 4035 974 4090 dabo
1000 4038 1026 4088 et
1049 4034 1155 4103 faciam
1181 4034 1265 4088 Goatz

115 4121 255 4191 Scripsit,
272 4120 412 4190 Kiessling
438 4135 502 4175 vero
523 4121 569 4175 aad
594 4121 732 4190 quantita
755 4122 885 4192 (focium),
909 4122 980 4190 quod
1003 4120 1129 4190 probavit
1147 4120 1260 4187 Lorenz,

116 4195 249 4276 Ussing:
267 4222 348 4276 onom
367 4205 417 4260 tttn·
434 4205 505 4260 dono
526 4212 576 4262 cet.
595 4207 689 4262 edidit.
