2902 4890
198 281 240 345 70

156 484 240 549 huus
269 504 400 567 possum
431 485 486 547 ilio
518 487 604 548 mille
632 506 794 550 uummum
823 485 1013 569 Philippum
1042 485 1287 560 circumducere·
1366 483 1369 504 ¹

157 587 244 651 unde
268 587 348 652 satis
370 595 505 670 apparet
532 589 618 650 mille
640 589 876 655 substantivum
901 607 974 654 esse
995 590 1067 666 (illo
1089 589 1176 651 mille
1200 587 1285 672 abl.);

156 689 197 754 ib.
231 690 304 770 966,
335 691 408 770 970,
441 692 532 771 1003,
562 692 644 756 1139
681 692 766 754 mille
800 712 962 754 uummum
994 710 1026 754 se
1063 711 1198 754 aureum
1224 710 1286 754 meo

157 793 235 856 datu
258 791 316 855 tibi
333 792 443 875 ferre;
465 793 583 859 Bacch.
605 794 669 860 230
690 795 776 858 mille
798 801 826 857 et
840 794 987 857 duoeutos
1002 793 1192 876 Philippum
1207 799 1288 856 auu

157 896 251 958 limus
285 915 413 970 aureos;
441 896 484 960 ib.
510 897 573 960 272
602 896 740 960 reddibit
760 898 847 960 mille
868 904 896 960 et
922 897 1070 960 duoeutos
1092 895 1288 979 Philippum.

156 998 246 1063 Haeo
271 998 336 1063 duo
359 1000 446 1083 apud
467 999 617 1064 Plautum
639 1001 848 1066 inveniuntur
870 1000 1019 1082 exempla
1032 999 1174 1082 genetivi
1189 999 1288 1081 parti·

156 1101 214 1164 tivi
243 1119 283 1166 ex
311 1101 397 1165 mille
419 1121 493 1166 oum
516 1103 579 1168 elio
602 1102 760 1168 numerali
783 1103 958 1167 coniuncto
981 1102 1160 1184 pendentis,
1183 1119 1290 1184 neque

156 1210 268 1269 tamen
303 1206 378 1270 hine
405 1207 662 1271 concludendum
695 1213 754 1287 est,
787 1207 886 1270 etiam
912 1205 1061 1268 ducentos
1087 1224 1163 1270 oum
1191 1223 1289 1286 gene·

156 1310 223 1374 tivo
258 1311 402 1374 construi
430 1311 543 1389 solere,
572 1330 645 1375 oum
672 1311 865 1393 praesertim
891 1310 987 1374 lectio
1009 1328 1075 1375 non
1098 1309 1178 1373 setis
1202 1314 1292 1374 certe

156 1413 206 1476 sit.
248 1412 335 1476 Libri
359 1414 445 1478 enim
467 1415 574 1494 priore
596 1413 669 1479 loeo
687 1412 851 1496 philippos
873 1412 1004 1493 hebent,
1028 1411 1211 1494 posteriore
1233 1411 1291 1474 du·

156 1523 258 1608 oeulos
281 1524 310 1578 et
332 1516 417 1578 mille
433 1515 627 1601 philippum·
652 1515 774 1581 Pareus
796 1534 874 1581 vero
897 1516 983 1578 mille
1005 1525 1033 1577 et
1048 1515 1196 1577 duoeutos
1210 1513 1293 1577 Phi·

157 1620 288 1702 lippum‚
313 1619 399 1684 unde
427 1618 563 1702 Seyffert
590 1638 664 1684 eam
687 1639 785 1703 quem
808 1619 927 1701 protuli
949 1619 1120 1707 lectionem
1142 1617 1292 1683 restituit.

156 1721 241 1785 Trin.
279 1723 360 1785 1138
389 1715 528 1803 spondeo
553 1729 581 1784 et
602 1722 687 1784 mille
708 1724 785 1784 ouri
807 1720 995 1803 Philippum
1017 1720 1108 1799 dotis,
1131 1718 1187 1783 ubi
1210 1719 1291 1782 Phi·

157 1826 278 1907 lippum
302 1844 341 1890 ex
363 1827 458 1904 mille,
480 1827 556 1888 ouri
577 1845 617 1890 ex
639 1826 828 1909 Philippum
850 1825 978 1908 pendet.
1015 1823 1097 1889 Men.
1122 1825 1181 1888 177
1206 1823 1293 1886 mille

151 1948 285 2011 passum
313 1928 530 1992 commoretu’s
557 1929 760 2005 southorum;
787 1930 877 2012 quod
904 1928 1040 1994 confusa
1067 1928 1129 1994 loci
1152 1933 1185 1992 et
1207 1932 1292 1992 tem·

157 2031 246 2113 poris
275 2031 472 2113 longitudine
500 2032 579 2096 dixit
605 2038 702 2114 poeta
729 2031 798 2115 (cfr.
829 2032 946 2112 Ussing
975 2031 1018 2094 ed
1039 2031 1070 2093 h.
1094 2027 1126 2114 1.)
1170 2027 1293 2094 Simili-

156 2139 207 2198 ter
239 2134 361 2199 dietum
396 2143 445 2199 est
467 2135 558 2199 Truo.
591 2136 656 2199 334
684 2133 741 2197 tili
769 2134 855 2197 mille
880 2153 1012 2216 possum
1029 2133 1185 2214 peperisti
1206 2152 1293 2194 more

156 2257 285 2301 morum.
328 2237 449 2302 Verum
482 2238 509 2300 si
541 2238 626 2301 hano
655 2236 807 2302 Schoellii
833 2243 866 2301 et
893 2237 1069 2301 Boxhornii
1096 2235 1292 2316 scripturam

157 2342 343 2421 retinemus,
377 2341 485 2407 fecere
514 2342 567 2405 vix
597 2360 780 2423 possumus,
809 2341 888 2422 quin
915 2358 973 2421 pro
1004 2339 1163 2403 adieetivo
1195 2357 1294 2401 usur-

157 2449 270 2523 patum
298 2463 368 2509 esse
389 2446 474 2508 mille
495 2445 683 2524 iudicemus,
708 2443 795 2525 quod
818 2462 838 2507 a
860 2443 1011 2506 Plautino
1034 2440 1187 2523 loquendi
1210 2460 1294 2505 oon-

158 2547 331 2610 suetudine
353 2546 515 2612 abhorret.
553 2547 662 2628 Quare
684 2547 762 2610 mihi
786 2547 890 2627 magis
913 2544 1033 2610 arridet
1055 2544 1195 2625 Ussingii
1210 2544 1293 2608 alio·

157 2668 296 2730 rumque
325 2652 493 2730 sententie,
525 2651 580 2732 qui
607 2670 665 2732 pro
696 2649 854 2714 librorum
880 2650 1041 2730 scriptura
1062 2667 1142 2729 quoe
1164 2645 1215 2710 vel
1237 2645 1296 2728 qui

158 2751 216 2814 tibi
237 2752 323 2814 mille
340 2773 473 2834 possiem
497 2756 621 2835 peperit
643 2775 726 2816 ruore
755 2758 880 2834 ponunt
908 2771 1022 2814 morae.
1052 2749 1182 2829 'Ussing
1204 2749 1295 2813 enim

158 2856 222 2937 ipsi
251 2855 308 2918 tihi
334 2857 420 2918 mille
444 2877 576 2938 possum
598 2857 752 2938 peperisti
778 2875 884 2918 meroe
918 2854 1028 2933 edidit;
1055 2853 1165 2935 itaque
1186 2870 1296 2914 morae

159 2959 327 3040 genetivus
351 2960 541 3041 quantitatis
564 2967 613 3024 est
635 2978 675 3025 ex
690 2980 824 3042 possum
846 2958 1001 3041 pendens,
1025 2957 1177 3020 hievero
1192 2973 1296 3036 gene-

160 3063 245 3126 tivus
280 3064 431 3144 pertitivo
461 3081 559 3127 sensu
589 3064 630 3126 ad
657 3064 743 3126 mille
770 3062 957 3128 referendus
980 3068 1037 3125 est.
1050 3060 1078 3142 ¹)
1122 3058 1184 3123 Mil.
1209 3060 1296 3124 1079

159 3167 237 3247 quiu
262 3166 347 3228 mille
378 3186 534 3229 uurmrum
551 3173 702 3248 perpetuo
729 3167 856 3240 uiuout;
879 3164 919 3228 ib.
945 3163 1027 3229 1064
1044 3163 1121 3245 plus
1147 3161 1191 3222 rui
1217 3163 1298 3224 auri

159 3269 274 3331 millest
310 3269 486 3332 modiorum
519 3268 682 3350 Philippu
714 3267 796 3332 Trin.
829 3268 894 3332 425
928 3266 1015 3327 mille
1046 3262 1298 3327 drachumurum

160 3374 336 3454 tarpezitue
360 3371 520 3454 Olympico
537 3422 543 3434 .
560 3423 566 3435 .
583 3371 753 3434 redditae.

265 3473 364 3539 milia.
408 3473 508 3540 Poen.
531 3475 595 3539 472
622 3494 713 3556 quom
741 3474 907 3555 seuupiutu
936 3471 1028 3533 milio
1050 3469 1210 3532 homiuum
1232 3488 1299 3532 uuo

161 3577 211 3639 die
235 3579 443 3640 uolutieorum
464 3577 609 3640 mortibus
632 3576 732 3639 occidi
755 3577 839 3640 lueis.
856 3611 895 3621 -
913 3573 1000 3659 (474)
1016 3573 1225 3635 uoluticorum
1241 3569 1298 3634 ho-

159 3680 303 3743 miuum?
336 3680 420 3746 Trin.
449 3682 510 3746 152
533 3701 693 3743 uummum
706 3678 731 3763 2)
762 3678 968 3760 Philippeum
980 3675 1004 3760 3)
1035 3676 1079 3738 od
1105 3675 1169 3736 triu
1191 3675 1298 3752 milia,

262 3872 282 3940 ¹)
305 3869 359 3922 Cir.
388 3875 530 3935 praeterea
557 3869 655 3922 Holtze
682 3867 695 3919 I
722 3882 747 3933 p.
771 3867 804 3917 33
828 3881 875 3932 sq„
900 3865 946 3933 qui
972 3864 1045 3946 huno
1070 3861 1226 3941 genetivum
1245 3877 1298 3928 pro

160 3958 286 4028 genetivo
311 3972 454 4011 mensurae
471 3955 563 4008 habet.

263 4045 286 4112 2)
305 4044 346 4096 De
364 4043 497 4095 librorum
512 4041 649 4106 scriptura
660 4053 833 4091 nummorum
846 4038 893 4090 cfr.
907 4051 989 4103 supra
1002 4034 1062 4088 suff.
1076 4048 1133 4086 -um
1146 4047 1195 4100 pro
1208 4046 1299 4088 oium.

264 4131 286 4198 3)
306 4129 433 4182 Formam
451 4126 622 4194 Philippeum
640 4140 723 4193 prave
742 4141 792 4192 pro
811 4122 970 4192 Philippum
988 4127 1149 4187 usurpatam
1161 4132 1221 4171 esse
1233 4133 1299 4184 pro-

162 4217 228 4271 bare
246 4215 306 4270 vult
323 4216 443 4285 Langen,
461 4214 590 4282 Beitrtge
608 4228 634 4278 p.
652 4212 694 4264 87.
