2842 4890
1188 259 1227 324 31

139 464 207 528 alia
236 470 455 545 proponentes
483 465 591 529 locum
620 465 795 530 emendare
813 465 935 531 eonati
964 471 1039 528 sunt
1066 463 1134 547 (efr.
1158 463 1274 544 Ussing

140 566 238 632 adh.
263 565 303 650 1.).

246 667 392 734 uentura.
435 669 523 734 Asin.
553 671 617 736 432
650 669 716 742 eho,
752 667 902 735 Coriseas
929 690 993 752 pro
1025 674 1162 734 dedara
1194 667 1276 734 777777

144 770 348 844 remandata
371 771 432 836 nisi
454 791 513 854 pro
538 773 698 838 obieetivo
722 773 870 854 genetivo
893 772 1063 839 habendus
1087 779 1143 836 est.

247 872 417 939 nehielunr.
450 874 538 941 Pers
555 874 795 940 retentatam
812 875 942 960 arpenti
962 874 1059 940 miser
1075 875 1158 951 eieci,
1181 893 1278 957 quem

144 978 252 1042 minus
279 985 367 1042 reete
395 977 493 1044 habet
523 965 611 1044 Looh
640 999 699 1062 pro
730 981 879 1061 genetivo
908 980 1063 1044 materiae
1087 978 1155 1064 (eir.
1179 997 1277 1062 supra

143 1079 218 1146 Cas.
242 1082 304 1144 778
328 1078 479 1145 corbitam
502 1079 585 1165 cibi).

249 1181 308 1247 uis.
361 1182 459 1249 Peon.
493 1187 556 1249 210
591 1183 699 1268 nepoti
736 1182 796 1247 sibi
828 1183 887 1265 pai
919 1183 1006 1247 777777
1038 1183 1107 1248 aira
1135 1203 1260 1265 parare
1268 1202 1278 1258 ,·

140 1287 261 1353 Holtze
285 1288 310 1370 (Ι
332 1309 361 1371 p.
385 1289 417 1371 7)
440 1289 565 1356 confert
587 1310 638 1353 res
659 1288 877 1371 adaptatam,
909 1290 1034 1369 similia,
1064 1296 1095 1354 et
1118 1289 1278 1354 vocabulo

140 1389 215 1455 77777
239 1391 406 1456 notionem
434 1392 542 1474 nepoti
565 1394 675 1474 augeri
699 1392 783 1457 dioit.
827 1392 940 1475 Itaque
963 1411 1002 1457 ex
1025 1393 1094 1458 eius
1117 1392 1279 1457 sententia

143 1494 197 1559 hie
220 1495 389 1575 genetivus
412 1496 496 1560 inter
518 1496 719 1579 appositivas
741 1495 852 1560 referri
875 1494 1039 1561 debuerat.
1075 1495 1191 1578 Amph.
1216 1494 1279 1559 234

143 1595 271 1661 cudant
300 1595 473 1661 noinernrn
502 1597 540 1661 ni
561 1597 647 1678 niri;
681 1599 735 1662 ubi
757 1596 931 1662 noinernrn
954 1597 992 1663 ni
1014 1598 1084 1662 niri
1106 1599 1279 1662 Luohsium

143 1700 251 1765 secuti
280 1701 478 1781 seripserunt
505 1699 606 1791 Gpetz
638 1708 669 1766 et
697 1702 824 1782 Loewe,
854 1699 1006 1766 nalneris
1036 1700 1126 1766 niet
1151 1700 1280 1765 nirian

143 1801 292 1866 inlibris
315 1810 372 1867 est.
416 1803 503 1886 Epid.
527 1804 589 1869 249
611 1803 707 1883 quasi
737 1803 918 1868 retruderet
939 1803 1009 1867 rned
1036 1802 1281 1868 nominandis

143 1904 304 1968 inuitam.
331 1942 370 1951 —
393 1905 567 1971 Praeterea
589 1906 681 1971 True.
705 1910 777 1989 519,
801 1906 856 1971 ubi
878 1906 1007 1973 Schoeil
1030 1908 1174 1990 scripsit:
1207 1906 1280 1988 pai-

144 2027 207 2090 pae
237 2006 319 2071 inihi
350 2009 463 2092 mapni
492 2007 613 2073 doloris
643 2029 750 2074 onais.
771 2059 802 2073 ..
827 2009 1001 2074 condidisti
1023 2009 1061 2073 in
1083 2030 1208 2092 carpat,
1237 2009 1280 2073 ibi

144 2129 207 2192 pro
232 2129 329 2175 onus
352 2112 405 2175 alii
428 2112 506 2175 uim
528 2112 682 2176 scribunt.

252 2213 397 2297 Denique
420 2234 484 2279 uno
507 2215 580 2280 loeo
603 2216 772 2297 genetivus
795 2215 986 2298 quantitatis
1010 2234 1049 2280 ex

250 2333 287 2381 ea
308 2318 502 2399 pronomine
523 2317 659 2400 pendet:
682 2317 796 2400 Amph.
820 2318 884 2383 430
906 2317 1006 2382 cadas
1028 2321 1100 2381 erat
1121 2315 1165 2380 ibi
1187 2314 1280 2379 nini:

143 2417 223 2482 inde
258 2418 385 2500 inpieni
417 2419 644 2485 hirneam...
677 2440 747 2484 earn
775 2441 828 2504 epo
857 2419 944 2499 nini,
977 2424 1016 2485 nt
1038 2423 1142 2484 ntatre
1164 2421 1282 2483 natntn

142 2521 266 2602 tuerat,
291 2522 389 2586 ednni
412 2523 510 2603 meri;
540 2543 625 2606 quae
648 2525 809 2606 scriptura
831 2523 1058 2608 (Fleckeiseni)
1083 2541 1102 2586 a
1125 2523 1277 2586 librorum

142 2626 285 2693 lectione
308 2627 371 2690 nisi
393 2627 506 2691 ordine
529 2625 702 2692 uerborum
725 2626 889 2709 paululum
914 2633 1040 2690 mutato
1063 2626 1141 2690 nihii
1164 2624 1280 2703 diiiert;

145 2726 252 2811 Guyet
275 2736 396 2796 autem:
420 2728 455 2792 id
476 2748 530 2812 epo
547 2775 554 2790 .
573 2778 605 2792 ..
631 2729 729 2793 ednod
751 2749 884 2806 77777777,
910 2729 1038 2794 Holtne:
1062 2747 1132 2792 7777
1155 2746 1209 2811 epo
1224 2773 1231 2788 .
1249 2772 1282 2789 ..

145 2832 224 2897 nini
255 2832 355 2897 ednni
385 2831 535 2898 hirneam
568 2832 658 2912 77777,
687 2834 741 2896 alii
763 2834 863 2898 aliter.
909 2832 1014 2898 Credo
1038 2832 1192 2897 librorum
1214 2850 1283 2895 earn

148 2935 278 3002 defendi
300 2955 406 3018 posse.

250 3039 364 3103 Restat
398 3046 433 3103 ut
465 3058 504 3104 ea
538 3040 687 3121 exempla
720 3037 893 3120 proteram,
928 3040 959 3102 in
995 3037 1110 3121 quibus
1144 3036 1284 3119 genetivi

147 3141 227 3206 arari
250 3148 282 3206 et
305 3142 435 3225 arpenti
458 3143 499 3205 ad
522 3143 726 3206 substantiva
751 3139 865 3218 77777777,
890 3141 994 3218 77777,
1017 3138 1175 3205 taientnra
1192 3139 1284 3204 relati

147 3252 222 3310 sunt
248 3244 316 3328 (eir.
339 3245 571 3327 supratacto,
590 3245 701 3326 pondo
725 3253 756 3310 et
778 3245 861 3309 inira
883 3263 1049 3319 nonnata,
1072 3242 1243 3327 Philippi).

253 3346 375 3413 libella.
421 3348 510 3431 Capi.
546 3352 607 3414 947
643 3349 724 3413 inihi
758 3348 897 3414 libatiam
927 3369 989 3430 pro
1022 3368 1057 3411 eo
1088 3346 1218 3431 arpenti
1243 3365 1285 3408 ne

146 3451 239 3530 dnis;
261 3451 378 3516 Pseud.
403 3453 465 3516 629
490 3451 547 3515 tibi
571 3451 708 3518 libellam
733 3452 863 3536 arpenti
885 3470 1067 3532 niamqaarn
1090 3450 1227 3514 credara.

254 3552 341 3617 mina
372 3574 446 3618 euru
474 3556 684 3620 usitatissime
708 3576 782 3619 eum
805 3555 955 3637 genetivo
978 3554 1108 3637 arpenti
1130 3553 1286 3617 ooniune-

147 3665 218 3721 tum
242 3657 295 3734 sit,
323 3676 442 3739 operae
464 3660 602 3740 pretium
627 3678 694 3722 non
717 3677 789 3724 esse
812 3659 993 3723 existimavi
1014 3657 1123 3722 omnia
1139 3655 1287 3735 exempla

148 3759 354 3842 perscribere
384 3768 416 3824 et
446 3762 683 3840 demonstraro;
717 3779 908 3826 enumerare
942 3761 1021 3824 satis
1054 3759 1153 3823 habui
1186 3758 1286 3835 locos,

151 3862 269 3944 quibus
301 3882 376 3926 oum
406 3865 555 3945 genetivo
584 3865 791 3943 construitur,
822 3883 945 3928 ornnes,
990 3861 1077 3926 Asin.
1101 3862 1142 3926 89
1165 3858 1288 3941 aipinti

150 3965 218 4028 77777
247 3968 343 4028 7777777
370 3963 437 4045 idio
459 3967 589 4049 arpenti
612 3966 728 4042 ninia·
762 3967 899 4048 717364,
924 3968 995 4044 396,
1020 3967 1093 4044 532,
1117 3967 1189 4044 579,
1214 3965 1286 4030 633,

152 4069 225 4147 651,
252 4070 324 4144 725,
350 4071 421 4147 7772,
446 4070 525 4149 8523
555 4070 641 4151 Epid.
665 4069 707 4133 54
729 4068 763 4131 id
786 4068 863 4132 adeo
887 4073 1057 4153 arpentnnr
1076 4119 1081 4130 .
1098 4119 1126 4131 ..
1150 4066 1290 4148 satrapsit

153 4168 266 4251 fenore
288 4170 326 4234 in
350 4170 415 4235 dies
437 4172 608 4253 minasque
631 4172 761 4255 arpenti
786 4171 935 4255 sinpidas
964 4170 1123 4250 nannis;
1149 4170 1190 4236 ib.
1217 4172 1286 4250 114,
