2842 4890
1189 294 1232 361 59

246 515 402 583 nusquam
431 500 515 565 sicut
544 499 682 580 ubinam,
709 500 827 579 66166666,
856 501 948 577 unde,
972 521 1042 584 quo,
1065 521 1195 586 quoquo,
1219 520 1274 563 us·

140 623 239 687 quarn
266 621 395 685 semper
427 622 501 668 oum
532 605 682 687 genetivo
715 605 856 687 pontium
888 604 1096 669 coniunctum
1130 609 1275 688 apparet.

139 704 239 772 Mera
263 707 328 772 606
349 705 403 768 ubi
424 703 572 771 66661-
586 728 744 792 nusquam
756 707 914 790 qentium;
936 707 1049 773 Pseud.
1064 708 1129 772 402
1148 712 1276 792 quaeret

140 809 228 894 quod
249 828 405 892 nusquam
429 811 614 893 qentiumst;
644 811 685 876 ib.
707 812 771 876 405
793 831 874 895 quae
895 810 953 895 (66.
975 806 1096 896 minae)
1119 828 1276 895 nusquam

139 919 218 975 sunt
238 913 397 994 qentium,·
419 911 493 980 Cas.
512 915 591 996 prol.
607 915 649 980 70
671 914 754 999 quod
768 913 813 996 fit
834 932 995 998 unusquam
1015 915 1171 997 pentium3
1193 912 1276 980 Men.

139 1015 209 1080 262
228 1015 404 1078 meretrices
429 1017 575 1079 mutieres
597 1036 754 1101 nusquam
772 1016 979 1100 perhibeatur
1000 1016 1180 1080 blandiores
1201 1037 1276 1100 qen-

139 1118 238 1196 tium;
270 1117 385 1201 Amph.
408 1121 471 1184 686
493 1126 521 1181 te
543 1120 608 1181 nisi
628 1140 713 1182 nuno
734 1118 825 1182 1666666
849 1139 1004 1204 nusquam
1025 1120 1097 1182 uidi
1118 1120 1277 1199 pentium;

140 1220 185 1285 ib.
209 1222 274 1286 620
295 1241 370 1284 num
392 1221 609 1285 obdormiuisti
630 1219 774 1286 dudum?
796 1260 836 1268 -
858 1242 1014 1306 nusquam
1036 1222 1194 1304 pentium;
1220 1222 1276 1308 ubi

140 1344 299 1409 nusquam
332 1325 472 1407 pentinum
504 1345 563 1407 pro
591 1324 745 1391 adverbio
773 1325 956 1407 negationis
982 1331 1173 1407 usurpatum
1203 1342 1276 1390 esse

139 1428 252 1511 potius
280 1427 407 1491 videtur
436 1446 535 1512 quam
562 1447 621 1510 pro
649 1427 803 1493 adverbio
827 1428 898 1509 loci,
922 1428 984 1492 nisi
1006 1427 1089 1493 forte
1111 1426 1163 1504 ibi,
1188 1427 1277 1510 quod

139 1532 176 1595 in
205 1530 354 1612 sequenti
385 1548 481 1595 versu
510 1536 572 1596 est:
605 1529 650 1593 ibi
671 1531 763 1613 forte
790 1532 886 1593 istum
913 1531 942 1593 si
963 1530 1099 1593 uidisses
1120 1530 1276 1613 quendam

139 1634 316 1696 insomnis
339 1631 472 1714 Sosiam,
496 1633 537 1697 ad
560 1633 624 1698 1606
647 1639 783 1715 spectat,
806 1642 842 1697 ut
864 1633 977 1698 ludens
992 1633 1185 1716 Amphitruo
1200 1653 1276 1696 nus-

141 1756 239 1821 quam
269 1737 409 1818 qentium
438 1736 533 1801 locali
567 1755 665 1802 sensu
694 1737 861 1819 666601666
888 1736 1043 1801 videatur.
1066 1736 1277 1819 —Denique

141 1839 323 1923 genetivus
354 1840 409 1922 qni
436 1845 486 1904 est
512 1839 599 1921 Epid.
622 1840 686 1905 335
709 1840 791 1923 quod
812 1860 969 1925 nusquam
990 1841 1168 1922 pentiumst,
1197 1857 1278 1905 oon-

140 1945 286 2009 ieoturae
309 1941 434 2008 Goetzii
458 1941 601 2008 debetur.

243 2046 359 2112 Restat
381 2052 417 2111 ut
439 2046 617 2126 videamus
641 2065 720 2111 num
742 2045 837 2111 106611
859 2063 958 2110 sensu

243 2165 398 2234 proxume
432 2169 507 2215 oum
537 2150 687 2232 genetivo
716 2149 947 2230 coniungatnr3
982 2167 1047 2231 qua
1075 2150 1114 2214 de
1136 2167 1172 2214 re
1194 2150 1280 2215 inter
1399 2178 1401 2182 >

139 2251 230 2316 661606
263 2252 378 2318 doctos
412 2271 479 2318 non
508 2253 588 2317 satis
615 2256 753 2318 constat.
794 2251 920 2317 Etenim
946 2272 1021 2317 oum
1044 2253 1195 2332 61610666,
1222 2251 1279 2316 ubi

141 2355 183 2420 de
205 2355 267 2419 1666
289 2374 325 2421 66
348 2356 462 2438 agitur,
487 2356 617 2421 codices
639 2356 724 2420 inter
738 2356 885 2438 proxime
899 2363 932 2421 et
946 2357 1114 2438 proximae
1127 2355 1277 2436 titubent,

141 2458 198 2523 6161
224 2458 300 2523 illud
329 2459 506 2524 retinentes
539 2457 679 2523 formam
712 2459 860 2535 uiciniae,
895 2477 981 2541 qnae
1013 2459 1165 2524 omnibns
1198 2460 1280 2524 10616

140 2561 218 2626 huic
239 2562 313 2626 voci
336 2561 446 2626 addita
468 2566 526 2641 est,
549 2581 608 2644 pro
631 2562 792 2643 genetivo,
817 2561 870 2626 alii
892 2562 956 2628 1606
978 2561 1198 2644 praeferentes
1218 2583 1278 2645 pro

141 2665 283 2745 locativo
316 2664 430 2729 haberi
463 2665 641 2730 voluerunt.
686 2664 865 2748 Utrumque
892 2683 931 2730 ex
959 2665 1089 2748 ingenio
1118 2669 1278 2732 sermonis

139 2767 233 2833 latini
261 2767 389 2833 videtur
419 2767 547 2832 defendi
574 2787 687 2850 posse:
722 2766 797 2831 illud
824 2768 866 2832 sd
894 2767 1137 2833 similitudinem
1165 2769 1281 2834 adver-

140 2870 270 2936 biorum
294 2869 430 2952 accedit,
455 2889 539 2954 quae
562 2878 637 2934 sunt
658 2870 771 2933 iitoem
788 2871 857 2948 tori,
874 2870 928 2932 ubi
943 2877 1110 2949 tanarum,
1128 2892 1160 2934 eo
1176 2891 1281 2935 amen-

142 2975 208 3037 tiae
231 2979 291 3039 oet.
304 2973 342 3058 ι);
371 2974 435 3039 1606
458 2973 562 3039 simite
585 2982 634 3039 est
657 2975 713 3054 eis,
738 2992 823 3057 qnae
846 2979 921 3038 sunt
943 2975 1084 3053 miiitiae,
1108 2976 1201 3052 dorni,
1226 2996 1280 3038 no-

141 3084 230 3142 strae
256 3078 350 3156 domi,
380 3084 452 3158 oet,
484 3096 568 3160 quae
601 3078 731 3159 saepius
765 3078 852 3160 apud
885 3077 1035 3142 Plautum
1064 3080 1281 3144 inveniuntur.

143 3180 238 3262 Quae
260 3199 335 3245 eum
363 3180 409 3245 ita
436 3180 509 3255 sint,
539 3180 716 3260 videamus,
746 3199 832 3264 quae
861 3181 902 3244 sit
932 3181 1080 3246 codicum
1104 3182 1137 3245 in
1160 3183 1222 3246 1666
1246 3201 1281 3246 66

143 3282 333 3350 auotoritas.
374 3283 493 3348 Bacch.
518 3283 581 3348 205
604 3289 638 3344 ut
659 3283 741 3345 istuc
764 3289 808 3345 est
830 3283 982 3365 tepidum:
1004 3303 1181 3365 proxumae
1203 3284 1281 3346 66666-

143 3387 221 3450 niae
249 3385 385 3462 habitam
419 3387 465 3451 616
497 3385 598 3452 Goetz
626 3393 759 3469 recepto
781 3386 949 3468 prasimae
970 3387 1096 3464 uicinis,
1121 3388 1209 3469 quod
1233 3394 1283 3453 est

142 3494 180 3557 in
203 3489 239 3570 Β,
263 3489 404 3572 scripsit3
433 3490 578 3572 proxime
606 3490 712 3551 uicino
738 3489 772 3553 in
799 3489 825 3553 D
848 3489 1016 3571 reperitur,
1035 3491 1181 3571 proxime
1202 3491 1282 3553 uici·

143 3594 220 3656 niae
242 3598 351 3657 autem
373 3593 444 3658 cod.
468 3591 492 3658 C
516 3599 548 3658 et
570 3592 736 3658 Charisius
759 3592 890 3676 profert,
915 3611 1014 3675 quam
1034 3592 1207 3658 lectionem
1231 3611 1282 3658 re·

146 3697 234 3779 oepit
260 3695 393 3774 niuem,
424 3695 557 3776 Lorenz,
584 3695 711 3779 Ussing.
757 3695 819 3760 Mil.
842 3696 906 3761 273
932 3697 996 3758 6666
1017 3715 1065 3757 me
1093 3696 1211 3758 uidisse
1232 3696 1283 3758 1666

140 3818 320 3884 proxumae
341 3799 481 3861 uiciniae
501 3798 785 3874 Philocomasium
807 3798 855 3862 616
872 3797 983 3878 Goetz,
1000 3797 1115 3879 Ussing
1134 3796 1181 3883 (in
1196 3817 1284 3864 nova

147 3899 313 3984 editione),
343 3902 418 3966 Brix
449 3921 489 3968 ex
518 3902 611 3970 codd.
639 3903 691 3966 ΑΖ
713 3902 881 3985 ponimur
903 3903 1113 3984 scripserunt3
1147 3901 1171 3965 F
1194 3901 1284 3966 solus

144 4005 298 4088 06666666,
322 4006 410 4088 quod
432 4012 601 4088 receperat
623 4005 742 4088 Ussing
764 4007 798 4070 in
820 4007 925 4087 prima
947 4005 1088 4071 editione
1104 4011 1135 4070 et
1151 4005 1283 4069 Ritsohl.

253 4230 273 4296 ¹)
292 4228 470 4284 6161606666
488 4228 523 4282 ad
543 4229 623 4282 Most.
644 4229 719 4281 1062.
