2842 4890
1135 289 1196 355 159

209 489 309 578 001110.
344 488 433 573 Epid.
460 491 521 557 162
542 508 608 555 nou
634 489 694 554 tibi
715 489 921 557 dormitandi
944 514 1043 576 nequo
1065 494 1243 558 cunctandi

109 595 250 675 copiast3
270 591 335 657 llil.
360 592 442 658 1226
464 593 522 655 uic
540 591 617 673 suit
640 595 734 676 copia
756 595 901 659 adeundi
918 603 1015 678 atqua
1030 597 1241 677 impetranda

108 694 195 760 Pers.
217 696 281 761 539
303 701 339 758 ut
360 693 418 758 tibi
440 701 525 758 recto
554 686 761 760 conciliandi
782 699 892 780 primo
917 697 1064 776 focarem
1094 700 1241 779 copiam

108 798 189 862 Rud
212 797 274 864 765
297 796 458 880 siquidem
479 797 514 859 iu
536 798 642 878 cupite
663 805 718 862 tuo
740 800 912 882 conflandi
943 801 1068 882 copiast
1094 799 1238 885 (versum

110 900 239 967 seclusit
269 897 423 982 Schoell);
455 897 537 964 Triu.
564 899 646 965 1131
675 902 847 982 repetundi
882 903 917 964 id
946 904 1087 984 copiosa
1119 903 1240 968 Bacch·

109 1005 170 1069 487
192 1009 228 1066 ut
250 1003 367 1084 opinor
388 1001 481 1065 iltius
503 1002 710 1083 inspectandi
732 1006 777 1066 mi
799 1013 880 1066 essct
896 1006 1001 1067 maior
1016 1006 1127 1086 copim
1150 1004 1240 1088 capt,

108 1108 168 1172 748
190 1089 227 1168 ut
248 1105 294 1167 mi
316 1105 385 1166 aius
407 1103 517 1193 focius
539 1105 756 1167 conueniuudi
779 1107 922 1188 copiom3
953 1107 1049 1174 Mera.
1071 1109 1136 1174 850
1166 1109 1240 1172 dote

103 1210 139 1272 di
169 1227 288 1294 quaeso
317 1206 537 1270 conueniundi
565 1207 610 1269 mi
638 1208 708 1271 cius
737 1206 866 1271 colerem
889 1211 1024 1291 copiam.
1069 1210 1236 1278 Accedunt

104 1313 284 1395 singulares
305 1308 469 1394 quaedam
488 1309 629 1393 genetivi
651 1312 925 1377 constructiones:
955 1312 1047 1377 Truc.
1070 1315 1135 1379 370
1158 1316 1236 1397 quia

107 1418 156 1478 tui
185 1413 319 1480 itidaadi
342 1414 481 1494 copiose
513 1412 546 1476 in
566 1413 631 1479 hoc
651 1416 801 1496 exemplo
823 1415 1149 1481 animadvertendum
1172 1422 1234 1497 est,

107 1510 245 1584 formam
264 1517 299 1581 in
320 1515 394 1577 -sot
417 1521 589 1582 exeuntem
620 1515 798 1582 adhibitam
831 1535 914 1598 esse,
947 1535 1148 1601 quamquam
1184 1520 1234 1582 tui

107 1621 148 1686 de
173 1618 291 1685 femina
319 1617 444 1683 dicitur.
486 1617 618 1683 Dubitat
639 1618 754 1686 Holtze
776 1619 814 1704 (ll
836 1641 867 1703 p.
888 1621 943 1704 54)
967 1641 1041 1686 cum
1064 1621 1232 1688 Weissen-

107 1723 231 1804 boruio,
253 1727 361 1787 utrum
375 1721 522 1805 gerundii
538 1723 646 1804 potius
662 1741 761 1805 quam
775 1724 943 1804 gerundivi
958 1724 1144 1806 genetivum
1159 1743 1233 1790 esse

103 1826 277 1893 maluerint
290 1824 405 1906 Leuni,
428 1844 471 1890 an
492 1824 728 1892 terminationis
750 1827 854 1908 magis
876 1844 974 1910 quam
997 1845 1158 1909 personae
1180 1846 1233 1892 ra-

100 1931 224 1996 tionem
251 1927 424 1994 habuerint
455 1925 524 2011 (cfr.
553 1927 704 1994 Kuehner
726 1928 751 1992 ll
782 1930 800 2012 ξ
830 1932 910 2013 1321
934 1930 996 2015 11).
1040 1930 1150 1997 Simile
1186 1938 1236 1996 est

104 2034 194 2117 Capi.
217 2033 301 2100 1008
334 2033 412 2116 quio
442 2033 487 2094 mi
516 2033 592 2095 item
621 2039 658 2096 ut
686 2040 840 2113 parentes
864 2032 945 2096 lucis
969 2037 1029 2097 dos
1054 2036 1238 2097 111011άὶ00-

102 2141 210 2218 ptom;
242 2153 442 2220 quamquam
473 2135 529 2196 lux
557 2135 644 2217 apud
670 2135 819 2200 Plautum
849 2137 1037 2219 plerumque
1059 2137 1229 2201 masculini

104 2239 230 2320 generis
249 2253 325 2307 esse
345 2236 572 2304 animadvertit
596 2237 684 2304 Lech
706 2237 747 2324 (p.
771 2239 816 2322 7);
840 2237 930 2320 Capt
954 2238 1017 2302 852
1039 2239 1234 2301 nominandi

104 2344 239 2405 istorum
279 2339 341 2406 tibi
374 2341 438 2405 crit
472 2342 576 2422 tnagis
611 2361 707 2424 quom
745 2341 867 2404 edundi
907 2344 1000 2422 coptu
1034 2339 1103 2424 (cfr.
1136 2339 1236 2404 Brixii

104 2445 176 2510 adn.
199 2444 243 2510 ad
264 2445 295 2509 h.
317 2443 360 2521 1.).

207 2544 392 2633 exemplum.
435 2544 497 2611 llil
519 2546 582 2610 638
614 2553 650 2607 ut
676 2553 756 2626 aput
791 2553 819 2608 to
842 2546 1019 2627 accinctum
1042 2546 1235 2627 experiundi

103 2649 222 2714 habeus
244 2648 456 2734 (experiundo
480 2648 578 2733 Brix).

207 2749 377 2819 crudus.
421 2749 512 2834 Capi.
544 2752 603 2816 153
635 2752 712 2836 quio
746 2771 830 2814 nuuc
857 2754 1011 2814 rescissus
1040 2759 1086 2814 est
1113 2751 1236 2812 edormi

106 2859 277 2922 exercitus.

207 2957 309 3025 loton
340 2956 423 3023 Trin.
445 2958 509 3024 366
532 2959 589 3042 qui
610 2979 642 3021 se
658 2959 807 3040 fictorem
823 2957 962 3038 probum
979 2959 1066 3019 uitus
1085 2955 1236 3037 oguviduc

109 3079 175 3122 esse
197 3063 311 3143 expetit
332 3061 499 3144 genetivus
523 3060 701 3125 obiectivus
724 3065 783 3126 est.

206 3162 323 3250 gratia.
368 3162 460 3229 Cure.
484 3164 546 3228 706
574 3163 719 3240 dicundi,
753 3183 815 3222 soon
844 3182 910 3224 rem
933 3161 1100 3243 perdendi
1122 3163 1234 3244 qratia

105 3258 180 3328 boec
202 3272 314 3328 uoluat
337 3265 429 3330 mitt.

204 3366 305 3434 luber.
348 3367 462 3433 Pseud.
486 3367 667 3434 Siluorum
691 3364 796 3427 labori
813 3365 995 3446 persiccum
1020 3365 1148 3428 lubens:
1170 3368 1234 3428 ossei

105 3477 134 3533 tc
157 3472 298 3553 rogandi
319 3479 349 3534 ot
372 3472 414 3534 tis
437 3471 652 3553 respondendi
672 3469 751 3532 mili
770 3467 941 3550 singularis
956 3472 1005 3532 est
1021 3470 1231 3533 constructio

104 3572 168 3641 Pro
191 3593 290 3656 meo,
313 3580 377 3640 tuo
401 3575 443 3639 ad
467 3574 573 3636 labori
593 3573 702 3638 relatis
721 3571 933 3654 appositionis
946 3570 1019 3635 loco
1037 3570 1077 3634 ad
1094 3570 1232 3632 duorum

105 3677 287 3745 referuntur
307 3677 447 3760 genetivi
470 3678 530 3738 inei
552 3681 584 3742 et
607 3677 665 3754 tui,
688 3675 743 3759 qui
765 3673 940 3758 possessivi
960 3679 1035 3737 sunt
1052 3674 1093 3756 (v.
1108 3673 1233 3737 Lorenz
1311 3718 1313 3722 -

107 3781 200 3847 adh.
222 3782 252 3862 l.,
275 3781 388 3846 Holtze
410 3781 428 3845 l.
451 3781 468 3843 l.
492 3785 523 3846 et
546 3778 600 3844 cfr.
622 3787 726 3861 genet.
749 3778 882 3844 subiect.
906 3779 948 3840 tis
971 3774 1111 3859 opera).

207 3883 306 3950 loeus.
349 3882 440 3966 Capi.
462 3883 524 3947 212
552 3885 698 3965 aequiter
720 3881 811 3945 uobis
836 3882 918 3944 detis
943 3880 1093 3962 loquendi
1116 3879 1236 3953 locum;

208 4088 328 4156 lubido.
370 4089 455 4154 Trin.
489 4090 551 4154 746
584 4086 657 4150 btotc
678 4086 817 4151 ducevodi
846 4085 903 4169 (sc.
926 4081 1073 4167 uxorem)
1109 4083 1234 4144 intereo

106 4192 299 4274 opsceoscrit
323 4191 445 4256 lubido,
